1856 3177
366 196 445 236 120

438 321 543 362 Hab.
603 322 650 363 In
679 323 790 365 foliis
812 325 914 367 Alm‘
932 327 1266 378 putrescentibus
1288 328 1399 370 circa
1419 329 1614 373 Mustiala
1634 332 1769 374 abun·

302 398 449 439 danter
479 404 542 441 est
571 400 690 442 lecta.
751 403 919 455 Optima
948 405 1160 447 mensibus
1190 406 1301 460 Majo
1332 410 1373 448 et
1401 408 1538 450 Junio.

434 496 645 532 Rationibus
675 500 781 533 variis
803 511 822 532 a
843 503 1095 544 congeneribus
1125 504 1251 537 ceteris
1281 504 1467 538 admodum
1490 507 1633 540 recedit.
1693 507 1766 541 Ro—

299 576 409 607 strum
429 575 611 618 perithecii
638 573 852 612 150—180
873 590 990 614 mmm.
1010 581 1162 624 longum,
1183 582 1259 615 basi
1278 579 1438 616 60-75
1455 595 1572 617 mmm.
1596 595 1766 618 crassum.

432 680 470 718 5.
531 678 614 719 Gn.
647 682 1010 737 campylostyla
1039 686 1221 725 Aunnsw.
1255 685 1349 740 Syn.
1381 686 1473 740 Pyr.
1506 701 1590 729 eur.
1622 702 1662 741 p.
1693 689 1761 738 25,

296 756 324 794 t.
359 756 394 804 9,
427 754 453 795 f.
489 757 568 797 130
599 760 638 797 et
668 760 696 798 t.
733 760 795 808 11,
826 759 853 799 f.
889 757 965 801 148
996 760 1036 802 b.

434 835 665 876 Perithecia
694 837 960 891 hypophylla,
993 853 1151 892 sparsa,
1182 841 1492 895 parenchymati
1512 843 1666 893 innata,
1690 845 1764 886 de-

293 912 819 966 presso-subsphaeroidea
845 916 908 957 vel
938 916 1174 971 oblongam,
1202 922 1337 960 rostro
1359 920 1536 970 laterali,
1558 921 1762 973 flexuoso,

293 990 416 1044 longo
455 991 518 1032 vel
557 991 812 1046 longissimo,
853 994 984 1036 nitido
1020 995 1315 1048 epidermidem
1350 999 1619 1051 perforantia,
1650 1001 1759 1042 latit.

293 1069 484 1117 0,3—-0,5
526 1084 661 1110 mmm.
722 1071 819 1112 Asci
857 1072 1083 1127 oblongati,
1120 1074 1300 1117 breviter
1327 1077 1580 1129 pedicellati‚
1610 1078 1759 1133 longit.

292 1147 457 1187 40—50
488 1162 639 1198 mmm,
670 1150 830 1191 crassit.
856 1152 1016 1192 10—12
1048 1167 1184 1193 mmm.
1245 1152 1402 1207 Sporae
1433 1157 1757 1212 8:11ae,conglo·

290 1224 424 1273 batae,
467 1226 686 1280 elongatae
726 1228 789 1268 vel
830 1229 1172 1284 suboblongatae,
1210 1233 1487 1286 4-guttulatae
1518 1235 1582 1275 vel
1616 1237 1757 1279 medio

288 1302 562 1356 uniseptatae‚
595 1305 648 1346 ad
680 1311 842 1359 septum
873 1308 983 1348 haud
1004 1309 1066 1349 vel
1087 1309 1291 1351 levissime
1314 1312 1575 1363 constrictae,
1598 1318 1751 1365 rectae,

286 1381 490 1434 hyalinae,
521 1383 664 1437 longit.
691 1386 849 1426 15—22
881 1401 1032 1436 mmm.⁷
1064 1388 1223 1429 crassit.
1247 1390 1354 1431 3—-5
1376 1405 1512 1431 mmm.
1546 1416 1596 1420 —
1628 1392 1757 1446 Sper-

284 1460 478 1513 mogonia
513 1462 782 1512 scutiformia,
817 1464 1081 1515 orbicularia,
1114 1480 1272 1518 sparsa,
1304 1467 1510 1509 interdum
1541 1452 1754 1512 confluen-

284 1538 355 1587 tia⁷
387 1538 609 1593 epiphylla,
642 1541 805 1581 demum
837 1543 1063 1595 applanata
1083 1545 1329 1598 plicataqve,
1353 1551 1455 1597 atra,
1477 1548 1620 1598 nitida,
1642 1550 1747 1591 latit.

284 1617 350 1664 0,3
374 1631 467 1657 mm.
501 1617 734 1670 Spermatia
766 1620 1039 1673 cylffldracea,
1070 1628 1197 1673 recta,
1220 1624 1437 1677 simplicia,
1459 1626 1638 1680 hyalina,
1660 1628 1752 1669 lon-

284 1695 354 1748 git.
387 1696 492 1736 3—5
525 1711 675 1746 mmm„
707 1699 867 1739 crassit.
904 1702 922 1740 1
956 1715 1092 1740 mmm.

413 1793 549 1827 Exsicc.
600 1794 734 1828 KARST.
764 1795 875 1839 Fung.
907 1797 1018 1830 Fenn.
1053 1796 1130 1832 668
1163 1800 1225 1833 sub
1256 1811 1348 1834 nom.
1382 1800 1556 1845 Spaerc'ae
1585 1808 1749 1838 setaceae

280 1862 315 1890 et
346 1856 425 1891 474
452 1861 515 1893 sub
543 1871 635 1894 nom.
669 1859 889 1895 Gnomom’ae
918 1868 1086 1897 setaceae.

411 1942 518 1983 Hah.
576 1943 623 1983 In
659 1944 770 1985 foliis
801 1946 974 1987 Betulae
1005 1947 1123 1988 albae
1155 1951 1195 1989 et
1225 1949 1314 1990 Bet.
1346 1966 1483 1992 'nanae
1514 1952 1635 1994 siccis
1665 1968 1746 2007 per

273 2024 404 2061 totam
436 2021 467 2060 F
471 2021 634 2062 enniani
665 2026 706 2063 et
725 2023 983 2076 Lapponiam
1014 2039 1106 2066 vere
1138 2030 1178 2067 et
1208 2031 1365 2070 aestate
1397 2033 1461 2070 sat
1490 2030 1693 2084 freqvens.

407 2118 670 2162 Spermogonia‚
706 2120 855 2163 speciem
886 2120 1105 2166 Leptotkyriz'
1134 2125 1302 2166 sistentia,
1333 2137 1414 2159 vere
1444 2127 1535 2161 haud
1565 2140 1642 2163 raro
1674 2131 1736 2163 ob—

272 2185 418 2218 veniunt
448 2185 484 2218 in
515 2185 607 2219 foliis
637 2184 788 2220 Betzdae
817 2199 909 2222 nunc
938 2190 974 2222 in
1006 2191 1181 2225 consortio
1211 2192 1480 2236 perithcciorum
1510 2206 1602 2229 nunc
1627 2197 1669 2230 ab
1690 2197 1739 2231 iis

271 2261 463 2294 segregata.

403 2358 437 2396 ὀ.
500 2355 581 2396 Gn.
613 2356 836 2410 Epilobii
867 2359 1049 2401 Aussnsw.
1083 2359 1176 2414 Syn.
1208 2361 1300 2415 Pyr.
1333 2376 1416 2404 eur.
1447 2377 1488 2417 p.
1516 2367 1581 2415 26,
1611 2369 1639 2407 t.
1665 2369 1733 2408 10.

263 2433 291 2472 f.
327 2436 417 2475 142.

395 2511 630 2554 Pei-ithecia
668 2528 814 2567 sparsa
850 2520 921 2557 aut
960 2516 1144 2558 lineatim
1176 2524 1384 2573 congesta,
1417 2521 1607 2574 primitus
1639 2524 1729 2576 epi-

260 2589 443 2630 dermide
474 2592 689 2633 immutata
719 2597 842 2643 tecta,
875 2595 969 2635 dein
997 2609 1046 2636 ea
1074 2596 1431 2650 longitudinaliter
1459 2599 1558 2641 fissa
1588 2614 1727 2642 erun]-

253 2667 409 2717 pentia,
450 2669 619 2720 nudata,
651 2670 795 2722 libera,
828 2673 1114 2726 sphaeroidea‚
1147 2675 1259 2717 sicca
1291 2677 1722 2732 depresso-sphaeroi-

253 2743 332 2785 dea
371 2746 432 2786 vel
474 2747 711 2802 oblongata,
755 2750 920 2803 saepius
949 2752 1058 2793 varie
1090 2752 1304 2806 impressa,
1336 2759 1470 2797 rostro
1502 2757 1723 2809 conoideo,
