1856 3177
373 235 450 274 122

450 370 532 412 Syn.
590 365 716 398 Peziza
761 361 935 404 uliyz'nosa
978 357 1040 390 FR.
1084 356 1175 399 Syst.
1219 363 1305 396 myc.
1344 350 1389 389 II,
1428 360 1461 392 p.
1497 343 1583 379 138.
1639 344 1772 377 KARsT.

318 442 397 474 Pez.
426 441 462 471 et
491 436 571 469 Asc.
602 445 635 476 p.
666 428 713 464 35
747 433 782 462 et
810 429 967 468 Monogr.
997 425 1075 457 Pez.
1106 434 1138 466 p.
1174 417 1260 454 149.
1319 419 1406 451 NYL.
1438 415 1519 448 Obs.
1551 425 1583 456 p.
1616 409 1677 444 48.

453 503 586 538 Exsicc.
644 500 777 532 KARs‘r.
808 496 919 536 Fung.
950 492 1058 525 Fenn.
1092 486 1181 523 639.

453 575 560 617 Hab.
620 571 683 611 Ad
727 567 920 613 ramulos,
962 563 1138 605 cortices
1167 559 1358 613 lignaqve
1388 554 1580 596 arborum
1611 550 1777 591 frondo-

323 670 474 704 sarum,
524 649 725 704 imprimis
777 645 964 692 Betulae,
1017 641 1120 682 locis
1170 638 1262 678 udis
1306 632 1524 680 umbrosis,
1569 627 1778 670 mensibus

322 727 751 783 Junio-Septembri,
783 725 992 776 freqvens3
1023 720 1194 760 boream
1227 727 1364 757 versus
1395 712 1540 753 saltem
1571 709 1623 749 ad
1653 707 1780 747 Wasa

324 817 366 855 et
394 809 611 864 Jalasj‘arvi
641 803 840 860 procedit.

455 893 685 931 Praecedenti
729 894 765 923 et
807 887 966 931 seqventi
1011 883 1123 922 affine,
1168 881 1227 913 sed
1272 878 1364 912 notis
1410 886 1514 919 supra
1549 873 1638 906 datis
1682 870 1781 903 facile

327 967 538 1002 distinctum,
569 961 689 994 habitu
721 958 824 990 etiam
855 958 1000 987 externo
1031 950 1080 983 Η.
1107 948 1278 992 pileatum
1309 942 1562 988 qvodammodo
1593 939 1707 972 refert.
1730 954 1782 959 —-

326 1034 442 1077 Stipes
480 1032 651 1067 deorsum,
690 1024 800 1057 rarius
838 1032 971 1055 sursum
1008 1019 1229 1053 incrassatus,
1260 1012 1452 1045 exsiccatus
1481 1005 1783 1050 longitudinaliter

328 1103 475 1145 plicatus
506 1097 560 1129 vel
592 1089 996 1137 compresso-collabens,
1028 1095 1117 1118 nunc
1149 1082 1298 1126 pallidus
1324 1089 1415 1112 nunc
1436 1074 1783 1119 fuligineo-virgatus.

460 1192 556 1231 Var.
586 1192 610 1243 β
642 1185 881 1228 cortisedum
915 1181 1055 1220 Kfflsw.
1087 1178 1232 1217 Peziza
1262 1172 1461 1214 cortiseda
1492 1170 1634 1210 KARST.
1656 1166 1783 1217 Fung.

329 1274 455 1314 Fenn.
487 1268 636 1310 exsicc.
670 1267 749 1306 544
781 1266 821 1303 et
851 1261 1037 1312 Monogr.
1068 1257 1159 1296 Pez.
1191 1268 1230 1306 p.
1264 1254 1352 1293 149.

464 1346 625 1400 Cupula
654 1344 740 1384 fere
771 1339 938 1386 sessilis,
968 1330 1375 1384 lutescenti-pallida.
1405 1328 1562 1380 Sporae
1582 1323 1787 1365 fusoideo-

331 1430 580 1481 oblongatae
631 1425 702 1464 aut
752 1412 1245 1471 elongato-ellipsoideae,
1297 1407 1438 1460 longit.
1487 1405 1591 1445 6—-9
1638 1415 1786 1448 mmm,

333 1507 492 1550 crassit.
525 1505 631 1545 3—4
664 1513 799 1540 mmm.
859 1494 1120 1546 Paraphyses
1151 1488 1340 1543 graciles,
1373 1483 1542 1539 guttulis
1564 1481 1788 1521 fulvescen-

332 1587 443 1628 tibus
474 1581 698 1636 praeditae.

466 1661 572 1702 Hah.
633 1659 767 1709 Supra
798 1652 993 1694 corticem
1016 1648 1188 1689 Betulae
1209 1647 1412 1686 vetustum
1433 1652 1562 1693 prope
1584 1635 1788 1683 Mustiala,

335 1756 473 1784 mense
504 1735 748 1791 Septembri.

472 1854 532 1891 16.
592 1848 642 1889 Η.
675 1842 1000 1898 epiphyllum
1033 1839 1100 1878 Fn.
1133 1836 1283 1876 Summ.
1317 1833 1415 1885 Veg.
1449 1829 1595 1870 Scand.
1627 1842 1664 1880 p.
1697 1827 1789 1867 356.

468 1936 699 1993 Apothecia
729 1931 919 1987 gregaria
948 1929 1010 1970 vel
1041 1939 1200 1980 sparsa,
1231 1921 1393 1964 sessilia
1421 1919 1485 1960 vel
1512 1917 1690 1958 breviter
1721 1914 1791 1954 sti-

336 2024 480 2076 pitata,
502 2013 765 2071 planiuscula
785 2010 848 2051 vel
870 2004 1198 2051 convexiuscula,
1221 2000 1390 2054 pallida,
1413 1992 1793 2047 ochraceo-pallida

336 2104 407 2142 aut
436 2096 731 2140 subochracea,
764 2088 1006 2141 marginata,
1038 2085 1141 2125 latit.
1178 2082 1281 2122 1—3
1312 2093 1405 2118 mm.
1465 2075 1562 2115 Asci
1591 2072 1793 2127 cylindra-

337 2174 593 2221 ceo-clavati,
637 2170 779 2222 longit.
827 2166 1017 2207 90—110
1061 2175 1210 2209 mmm,
1257 2156 1415 2198 crassit.
1462 2154 1598 2195 8-10
1642 2165 1791 2199 mmm„

337 2256 455 2309 apice
484 2253 550 2294 vix
578 2250 642 2291 vel
672 2246 875 2289 levissime
907 2241 1245 2284 coerulescentes.
1308 2236 1465 2288 Sporae
1509 2231 1672 2283 obliqve
1708 2241 1792 2269 mo-

337 2332 551 2375 nostichae
568 2328 630 2370 vel
647 2325 859 2372 distichae,
877 2322 1105 2373 elongatae,
1121 2313 1577 2365 fusoideo-oblongatae
1594 2309 1655 2350 vel
1670 2307 1792 2348 fusoi-

339 2410 667 2461 deo-elongatae,
698 2406 838 2444 rectae
868 2399 930 2440 vel
961 2396 1164 2444 curvulae,
1188 2392 1356 2447 guttulis
1377 2390 1615 2443 plerumqve
1634 2389 1655 2426 2
1674 2398 1792 2438 prae-

339 2490 462 2537 ditae,
492 2484 635 2538 longit.
671 2482 829 2522 12—17
859 2491 1009 2526 mmm„
1041 2473 1199 2515 crassit.
1237 2472 1344 2512 3-4
1389 2482 1525 2508 mmm.
1585 2464 1793 2516 Paraphy-

340 2581 405 2608 ses
445 2563 632 2619 graciles,
665 2559 908 2614 guttulatae,
941 2553 1100 2596 crassit.
1137 2554 1152 2591 1
1187 2564 1337 2598 mmm,
1369 2547 1529 2600 apicem
1559 2555 1698 2584 versus
1728 2541 1793 2581 vix

339 2645 403 2686 vel
431 2642 574 2683 leviter
602 2636 914 2679 incrassatulae.

473 2728 554 2770 Syn.
613 2723 739 2756 Peziza
784 2719 959 2764 epiphylla
1002 2718 1106 2749 PERS.
1150 2714 1246 2756 Disp.
1286 2724 1318 2755 p.
1358 2707 1407 2742 72
1446 2714 1481 2741 et
1508 2710 1588 2751 Syn.
1620 2707 1728 2748 Fung.
1760 2716 1791 2747 p.

344 2794 432 2831 669.
488 2793 575 2826 Ama.
607 2795 641 2823 et
671 2790 783 2823 Scflw.
815 2787 941 2830 Consp.
971 2785 1081 2825 Fung.
1112 2781 1199 2815 nisk.
1231 2791 1263 2823 p.
1296 2775 1384 2811 339.
1433 2777 1494 2809 Fa.
1524 2775 1613 2818 Syst.
1640 2783 1724 2816 myc.
1747 2771 1792 2812 II,
