1856 3177
1381 226 1458 267 157

176 364 311 397 Exsicc.
373 364 435 397 Fa.
468 363 575 396 Scler.
609 364 708 396 Svec.
739 360 813 397 146
836 366 872 395 et
898 359 970 395 147
998 362 1128 395 KAnst.
1151 361 1263 405 Fung.
1288 361 1397 395 Fenn.
1423 358 1514 395 787.

177 435 284 476 Hab.
334 434 382 475 In
412 434 567 476 cortice
598 438 839 476 truncorum
860 437 901 475 et
922 446 1131 475 ramorum
1154 433 1328 474 Betulae
1349 432 1391 474 in
1412 433 1517 474 Fen-

41 514 112 555 nia
143 513 291 555 saltem
322 512 585 555 meridionali
618 516 683 554 sat
712 513 917 566 freqvens.

176 617 196 641 *
228 616 271 657 C.
303 615 492 669 pusilla
522 615 773 669 (WAHLENB.)
805 615 949 656 Kixnsr.

179 693 220 736 C.
237 695 448 736 cz'liatulae
471 697 536 736 sat
557 694 715 744 similis,
735 694 808 736 sed
829 707 980 748 sporae
1002 694 1181 748 majores
1198 693 1361 748 (longit.
1379 695 1516 735 8—12

41 788 192 824 mmm„
226 773 387 815 crassit.
421 775 486 823 1‚5
517 774 674 827 mmm.)
706 778 747 815 et
778 773 945 827 saepius
977 772 1184 823 curvulae,
1222 772 1309 814 asci
1339 772 1517 826 majores

39 853 202 907 (longit.
236 854 401 895 30-50
432 868 557 893 mmm
588 854 646 907 (p.
679 852 855 906 sporif.)‚
889 852 1053 894 crassit.
1076 853 1185 894 5-6
1207 852 1377 905 mmm),
1410 852 1518 906 peri-

38 932 178 974 thecia
208 932 350 986 paullo
383 933 541 986 majora
572 932 761 985 collaqve
791 932 913 986 vulgo
943 931 1148 973 breviora.

175 1018 258 1062 Syn.
319 1017 500 1062 Sphaerz'a
522 1018 657 1063 pusilla
690 1019 888 1052 WAHLENB.
922 1018 1015 1052 Flor.
1047 1018 1158 1062 Lapp.
1181 1029 1215 1061 p.
1241 1013 1331 1051 520.
1383 1016 1515 1061 Sphae-

39 1086 98 1119 νέα
123 1085 301 1129 pulchella
331 1084 371 1127 b)
402 1087 515 1120 minor
546 1087 608 1120 FR.
642 1087 735 1130 Syst.
768 1097 856 1130 myc.
880 1086 925 1125 ΙΙ,
948 1097 982 1129 p.
1007 1082 1099 1118 406.
1146 1083 1325 1128 Sphaerz'a
1340 1084 1518 1128 pulchella

40 1153 152 1187 CURR.
185 1153 331 1197 Sphaer.
364 1154 399 1187 in
429 1154 551 1187 Trans.
585 1155 689 1187 LINN.
721 1145 798 1187 Soc.
832 1153 900 1187 vol.
934 1153 1052 1192 XXII,
1084 1156 1174 1196 part.
1207 1153 1272 1193 III,
1304 1164 1337 1196 p.
1372 1149 1461 1191 280,
1494 1153 1515 1184 f.

46 1217 118 1254 151
154 1224 190 1254 et
225 1217 313 1254 15-2.
380 1220 558 1265 Splzaeria
597 1219 859 1264 Walzlenberyii
895 1221 1008 1254 DESM.
1048 1220 1105 1253 Cr.
1139 1220 1200 1253 FR.
1233 1220 1402 1253 Nt'rscfflz.
1435 1220 1515 1264 Pyr.

39 1299 149 1332 germ.
182 1300 216 1333 p.
251 1285 314 1322 92.

175 1359 283 1402 Hab.
342 1360 390 1401 In
435 1359 590 1401 cortice
636 1360 812 1400 Betulae
857 1372 989 1412 prope
1035 1358 1238 1400 Sasheika
1277 1358 1519 1412 Lapponiae

40 1439 257 1482 orientalis
288 1443 329 1481 et
356 1439 460 1480 Acm·
487 1439 529 1480 in
560 1438 758 1480 Mustiala
789 1452 813 1480 a
834 1438 964 1480 nobis
996 1437 1117 1480 lecta.

178 1565 214 1604 2.
276 1562 319 1603 C.
351 1561 610 1604 vibratilis
642 1562 750 1615 (Fa.)
781 1561 966 1602 Nirseffli.
998 1561 1091 1615 Pyr.
1124 1575 1251 1616 germ.
1282 1575 1322 1615 p.
1356 1549 1429 1603 97.

177 1641 414 1684 Pei-ithecia
459 1641 661 1690 solitaria⁷
709 1654 869 1694 sparsa,
917 1640 1195 1694 sphaeroidea
1231 1640 1296 1682 vel
1335 1640 1520 1689 ovoidea‚

43 1722 157 1763 sicca
192 1720 436 1775 saepissime
478 1719 680 1773 collapsa,
721 1719 868 1769 laevia,
907 1719 1066 1773 glabra,
1103 1733 1199 1761 raro
1230 1719 1365 1773 primo
1395 1733 1521 1773 parce

43 1801 193 1855 pilosa,
234 1800 365 1854 nigra,
406 1799 551 1849 nitida,
596 1799 719 1840 diam.
749 1799 944 1849 0‚3—0‚8
976 1813 1086 1848 mm„
1119 1798 1237 1840 collis
1267 1798 1523 1840 brevissimis

44 1879 286 1933 ostiolisqve
318 1878 566 1928 rotundatis,
598 1877 899 1927 minutissimis,
922 1877 1219 1930 peridermium
1240 1877 1352 1918 haud
1373 1877 1437 1918 vel
1457 1878 1524 1919 vix

44 1958 354 2013 superantibus.
405 1957 503 1999 Asci
536 1956 697 2010 clavati,
728 1956 873 2011 longit.
898 1958 950 1998 24
971 1971 1107 1996 mmm.
1132 1960 1189 2010 (p.
1212 1956 1389 2010 sporif.),
1412 1970 1524 1998 cras-

45 2039 112 2080 sit.
143 2040 170 2078 4
201 2051 339 2077 mmm.
391 2036 550 2090 Sporae
582 2035 880 2085 subdistichae‚
909 2034 1354 2089 fusoideo-elongatae‚
1376 2034 1526 2077 leniter

45 2116 241 2159 curvulae
272 2115 336 2158 vel
368 2115 600 2165 subrectae,
632 2114 838 2168 hyalinae,
869 2113 1013 2168 longit.
1036 2116 1145 2155 4-6
1176 2129 1329 2164 mmm„
1362 2115 1524 2156 crassit.

46 2196 214 2238 circiter
247 2197 266 2236 1
300 2210 436 2235 mmm.
504 2194 767 2248 Paraphyses
808 2193 1054 2248 guttulatae‚
1093 2207 1212 2236 asccs
1250 2194 1372 2249 longe
1404 2208 1525 2249 supe-

45 2279 202 2317 rantes.

182 2361 265 2405 Syn.
326 2359 504 2404 Sphaeria.
536 2359 706 2392 vibratilis
736 2359 797 2392 Fa.
833 2359 924 2403 Syst.
958 2369 1046 2402 myc.
1076 2359 1122 2399 II,
1154 2371 1187 2404 p.
1220 2356 1297 2393 482
1331 2364 1365 2393 et
1391 2360 1522 2393 Summ.

47 2430 137 2473 ch.
170 2429 297 2463 Scand.
330 2440 364 2472 p.
400 2425 491 2462 393.
540 2425 842 2471 Cryptosplzaeria
872 2425 1044 2458 vibratilis
1075 2426 1155 2460 GEs.
1180 2430 1216 2460 et
1245 2427 1299 2460 DE
1320 2427 1362 2461 N.
1386 2427 1523 2461 Schem.

47 2497 135 2531 Sfer.
169 2508 202 2540 p.
239 2493 300 2529 57.

182 2575 320 2608 Exsicc.
381 2574 442 2607 Fu.
476 2574 583 2607 Scler.
617 2574 717 2607 Svcc.
754 2569 844 2606 315.
906 2572 1041 2605 KARST.
1076 2572 1186 2615 Fung.
1219 2572 1329 2606 Fenn.
1364 2570 1455 2606 786.

185 2646 292 2687 Hab.
353 2646 416 2686 Ad
455 2646 653 2687 corticem
691 2658 901 2686 ramorum
933 2645 1045 2684 Padi
1074 2647 1115 2685 et
1145 2643 1269 2685 Sorbi
1296 2644 1339 2684 in
1371 2644 1527 2686 Fennia

49 2724 315 2767 meridionali
351 2728 391 2765 et
430 2725 566 2765 media
603 2738 679 2778 per
715 2738 867 2765 annum
899 2723 1009 2764 haud
1040 2722 1288 2775 infreqvens.
1350 2723 1527 2764 Boream

50 2817 194 2846 versus
226 2803 372 2845 saltem
404 2803 457 2845 ad
489 2803 687 2857 oppidum
719 2803 846 2844 Wasa
877 2815 1018 2855 usqve,
1050 2801 1122 2842 ubi
1144 2801 1313 2855 copiose
1335 2801 1527 2855 legimus,
