1856 3177
412 367 502 408 VII.
561 367 854 410 IXODOPSIS
886 368 1030 410 KARST.
1091 369 1220 425 Fung.
1252 371 1377 411 Fenn.
1411 371 1560 412 exsicc.
1593 372 1685 412 955.

411 446 647 488 Perithecia
682 445 780 488 fimo
821 447 1059 498 insidentia,
1099 461 1257 501 sparsa,
1297 449 1482 499 ovoidea,
1521 450 1743 499 coriaceo-‚

277 523 607 574 membranacea,
655 525 805 567 ostiolo
849 525 1231 577 lacero-fimbriato,
1277 531 1381 577 atra,
1424 528 1582 582 glabra.
1649 529 1745 570 Asci

276 603 438 644 clavati.
498 603 657 656 Sporae
688 604 981 655 subdistichae,
1015 605 1295 658 ellipsoideae,
1327 610 1476 648 rectae.
1536 607 1747 662 Paraphy-

276 694 342 722 ses
373 681 440 722 vix
469 682 592 723 ullae.

410 782 521 823 VIII.
582 782 859 824 SORDARIA
899 784 991 825 Ces.
1024 788 1065 825 et
1093 785 1153 824 DE
1184 785 1232 824 N.
1291 784 1450 826 Schem.
1484 785 1587 826 Sfer.
1619 800 1658 838 p.
1692 788 1737 826 51

276 874 337 913 pr.
367 875 406 914 p.

408 939 643 981 Perithecia
683 941 871 982 conferta
911 941 974 982 vel
1009 955 1168 994 sparsa,
1202 942 1744 991 coriaceo-membrauacea,

276 1015 371 1058 fimo
402 1017 678 1060 subimmersa
707 1020 771 1060 vel
801 1019 1036 1069 insidentia,
1069 1020 1344 1073 sphaeroidea
1368 1021 1431 1060 vel
1453 1021 1636 1069 ovoidea‚
1658 1034 1746 1061 ver-

276 1109 344 1136 sus
385 1096 547 1149 apicem
586 1097 838 1148 obtusatum‚
879 1098 1022 1139 osculo
1054 1098 1275 1139 latiusculo
1305 1099 1501 1147 hiantem,
1530 1102 1746 1140 attenuata

275 1178 347 1215 aut
383 1175 601 1228 papillata,
642 1180 827 1218 tomento
867 1180 1137 1218 evanescente
1177 1178 1310 1230 primo
1347 1181 1457 1218 tecta
1486 1178 1550 1218 vel
1580 1178 1745 1227 hirtula,

275 1255 378 1294 atra.
447 1255 546 1295 Asci
589 1255 844 1307 pedicellati,
890 1256 1335 1309 cylindraceo-clavati.
1410 1255 1568 1308 Sporae
1613 1259 1744 1306 8mae,

274 1331 570 1382 subdistichae‚
602 1333 884 1385 ellipsoideae,
918 1330 1087 1387 opacae,
1119 1335 1309 1386 utrinqve
1339 1333 1402 1374 vel
1433 1334 1529 1386 polo
1560 1334 1746 1375 inferiori

274 1412 435 1451 tantum
466 1412 826 1464 appendiculatae.
887 1413 1147 1465 Paraphyses
1178 1413 1244 1452 vix
1274 1412 1396 1452 ullae.

409 1536 586 1576 Subfam.
619 1537 655 1575 2.
716 1537 1229 1576 AMPHISPHAERIEAE.

409 1612 626 1666 Simplices
657 1613 719 1654 vel
751 1613 1019 1666 compositae.
1080 1614 1177 1654 Asci
1209 1614 1525 1667 cylindracei*).
1587 1613 1744 1665 Sporae

276 1691 562 1732 monostichae
579 1693 653 1744 **),
694 1691 944 1745 oblongatae
981 1692 1044 1733 vel
1081 1692 1364 1744 ellipsoideae‚
1396 1695 1547 1739 rectae,
1580 1691 1745 1743 unisep-

273 1773 400 1820 tatae,
450 1771 592 1813 fuscae
637 1771 699 1812 vel
743 1771 985 1812 fuscidulae.
1062 1771 1322 1824 Paraphyses
1371 1769 1596 1818 filiformes,
1649 1782 1743 1810 raro

276 1851 425 1893 nullae.

409 1939 522 1982 Fungi
551 1938 664 1981 ligni-,
697 1937 801 1971 corti·
832 1937 887 1970 vel
917 1936 1097 1969 fimicolac.

354 2003 360 2008 ’
409 2011 429 2034 *
461 2008 738 2062 Compositae.

410 2112 480 2152 IX.
541 2109 832 2151 CAMAROPS
864 2109 1006 2148 Kinsf.

409 2190 575 2232 Stroma
611 2189 892 2242 oblongatum,
933 2191 1051 2240 parte
1089 2186 1284 2226 immersa
1322 2198 1346 2225 a
1385 2184 1617 2225 substantia
1648 2183 1745 2224 sub-

275 2270 397 2312 strati
441 2270 534 2322 plus
580 2268 713 2308 minus
758 2269 917 2306 mutata
960 2265 1193 2312 formatum,
1239 2267 1357 2316 parte
1403 2276 1564 2303 emersa
1605 2265 1744 2303 crusta

276 2349 470 2402 propriae
510 2347 674 2395 indolis,
716 2346 831 2395 dura,
873 2343 1162 2392 crassiuscula,
1198 2334 1414 2395 laevigata,
1447 2345 1538 2382 atra
1566 2341 1744 2392 undiqve

275 2431 443 2469 tectum.
504 2424 738 2466 Perithecia
774 2423 963 2465 stromati
999 2422 1205 2470 immersa,
1237 2419 1507 2467 monosticha,
1540 2418 1746 2472 cylindra-

277 2518 352 2546 cea
388 2504 452 2545 vel
489 2502 788 2551 tubuliformia,
828 2499 1075 2553 inaeqvalia‚
1120 2498 1375 2552 longissima,
1415 2497 1521 2538 collo
1562 2501 1743 2537 crustam

275 2587 518 2638 penetrante
550 2582 780 2634 ostioloqve
802 2579 1049 2634 prominulo,
1071 2577 1414 2630 hemisphaerico,
1437 2589 1539 2629 poro
1561 2579 1742 2629 pertuso.

409 2729 446 2777 '‘)
476 2737 518 2770 In
547 2733 762 2779 Rhynchost.
794 2734 927 2765 minuto
960 2732 1097 2765 clavati.

408 2806 467 2855 ss)
498 2815 539 2846 In
569 2810 728 2857 Rhynch.
760 2812 893 2845 minuto
924 2810 1103 2845 distin-hac.
