<?xml version="1.0" encoding="UTF-8"?>
<!DOCTYPE html PUBLIC "-//W3C//DTD XHTML 1.0 Transitional//EN"
    "http://www.w3.org/TR/xhtml1/DTD/xhtml1-transitional.dtd">
<html xmlns="http://www.w3.org/1999/xhtml" xml:lang="en" lang="en">
 <head>
  <title>
</title>
<meta http-equiv="Content-Type" content="text/html;charset=utf-8" />
  <meta name='ocr-system' content='tesseract 3.04.00' />
  <meta name='ocr-capabilities' content='ocr_page ocr_carea ocr_par ocr_line ocrx_word'/>
</head>
<body>
  <div class='ocr_page' id='page_1' title='image "./mycologiafennicapt12kars_0317.png"; bbox 0 0 1856 3177; ppageno 0'>
   <div class='ocr_carea' id='block_1_1' title="bbox 1367 208 1494 250">
    <p class='ocr_par' dir='ltr' id='par_1_1' title="bbox 1367 208 1494 250">
     <span class='ocr_line' id='line_1_1' title="bbox 1367 208 1494 250; baseline -0.031 0"><span class='ocrx_word' id='word_1_1' title='bbox 1367 208 1494 250; x_wconf 84' lang='grc'>,21</span> 
     </span>
    </p>
   </div>
   <div class='ocr_carea' id='block_1_2' title="bbox 76 333 1559 854">
    <p class='ocr_par' dir='ltr' id='par_1_2' title="bbox 212 333 1344 380">
     <span class='ocr_line' id='line_1_2' title="bbox 212 333 1344 380; baseline -0.005 0"><span class='ocrx_word' id='word_1_2' title='bbox 212 339 357 380; x_wconf 90' lang='lat' dir='ltr'><strong>XLVI.</strong></span> <span class='ocrx_word' id='word_1_3' title='bbox 417 337 618 379; x_wconf 89' lang='lat' dir='ltr'>BERTIA</span> <span class='ocrx_word' id='word_1_4' title='bbox 649 337 711 379; x_wconf 88' lang='lat' dir='ltr'>De</span> <span class='ocrx_word' id='word_1_5' title='bbox 740 337 786 378; x_wconf 89' lang='lat' dir='ltr'>N.</span> <span class='ocrx_word' id='word_1_6' title='bbox 819 337 864 378; x_wconf 88' lang='lat' dir='ltr'>in</span> <span class='ocrx_word' id='word_1_7' title='bbox 893 337 986 378; x_wconf 89' lang='lat' dir='ltr'>Bot.</span> <span class='ocrx_word' id='word_1_8' title='bbox 1018 335 1161 378; x_wconf 84' lang='lat' dir='ltr'>Journ.</span> <span class='ocrx_word' id='word_1_9' title='bbox 1193 334 1281 375; x_wconf 87' lang='lat' dir='ltr'>ital.</span> <span class='ocrx_word' id='word_1_10' title='bbox 1314 333 1344 375; x_wconf 92' lang='lat'>1.</span> 
     </span>
    </p>

    <p class='ocr_par' dir='ltr' id='par_1_3' title="bbox 76 412 1559 854">
     <span class='ocr_line' id='line_1_3' title="bbox 212 412 1559 470; baseline -0.005 -11"><span class='ocrx_word' id='word_1_11' title='bbox 212 417 449 460; x_wconf 84' lang='lat' dir='ltr'>Perithecia</span> <span class='ocrx_word' id='word_1_12' title='bbox 478 415 761 470; x_wconf 85' lang='lat' dir='ltr'>superficialia</span> <span class='ocrx_word' id='word_1_13' title='bbox 789 416 854 457; x_wconf 89' lang='lat' dir='ltr'>vel</span> <span class='ocrx_word' id='word_1_14' title='bbox 884 414 1158 469; x_wconf 78' lang='lat' dir='ltr'>erumpentia,</span> <span class='ocrx_word' id='word_1_15' title='bbox 1191 413 1390 463; x_wconf 75' lang='lat' dir='ltr'>conferta,</span> <span class='ocrx_word' id='word_1_16' title='bbox 1422 412 1559 454; x_wconf 84' lang='lat' dir='ltr'>forma</span> 
     </span>
     <span class='ocr_line' id='line_1_4' title="bbox 79 490 1556 551; baseline -0.004 -12"><span class='ocrx_word' id='word_1_17' title='bbox 79 498 204 548; x_wconf 87' lang='lat' dir='ltr'>varia,</span> <span class='ocrx_word' id='word_1_18' title='bbox 251 500 473 551; x_wconf 80' lang='lat' dir='ltr'>corrugata</span> <span class='ocrx_word' id='word_1_19' title='bbox 517 496 582 537; x_wconf 83' lang='lat' dir='ltr'>vel</span> <span class='ocrx_word' id='word_1_20' title='bbox 618 490 895 545; x_wconf 61' lang='lat' dir='ltr'>tuberculaffl,</span> <span class='ocrx_word' id='word_1_21' title='bbox 942 498 1045 544; x_wconf 86' lang='lat' dir='ltr'>atra,</span> <span class='ocrx_word' id='word_1_22' title='bbox 1084 493 1244 548; x_wconf 88' lang='lat' dir='ltr'>glabra,</span> <span class='ocrx_word' id='word_1_23' title='bbox 1282 492 1556 541; x_wconf 83' lang='lat' dir='ltr'>carbonacea,</span> 
     </span>
     <span class='ocr_line' id='line_1_5' title="bbox 79 571 1556 629; baseline -0.004 -11"><span class='ocrx_word' id='word_1_24' title='bbox 79 577 229 618; x_wconf 85' lang='lat' dir='ltr'>ostiolo</span> <span class='ocrx_word' id='word_1_25' title='bbox 251 577 469 628; x_wconf 84' lang='lat' dir='ltr'>impresso,</span> <span class='ocrx_word' id='word_1_26' title='bbox 491 577 899 629; x_wconf 84' lang='lat' dir='ltr'>poroso-coarctato.</span> <span class='ocrx_word' id='word_1_27' title='bbox 952 574 1049 615; x_wconf 83' lang='lat' dir='ltr'><strong>Asci</strong></span> <span class='ocrx_word' id='word_1_28' title='bbox 1069 572 1323 627; x_wconf 85' lang='lat' dir='ltr'>pedicellati,</span> <span class='ocrx_word' id='word_1_29' title='bbox 1345 571 1556 613; x_wconf 82' lang='lat' dir='ltr'>fusoideo-</span> 
     </span>
     <span class='ocr_line' id='line_1_6' title="bbox 79 650 1557 712; baseline -0.003 -16"><span class='ocrx_word' id='word_1_30' title='bbox 79 655 240 697; x_wconf 84' lang='lat' dir='ltr'>clavati.</span> <span class='ocrx_word' id='word_1_31' title='bbox 294 654 453 712; x_wconf 85' lang='lat' dir='ltr'>Sporae</span> <span class='ocrx_word' id='word_1_32' title='bbox 474 657 595 695; x_wconf 78' lang='lat' dir='ltr'>4znae</span> <span class='ocrx_word' id='word_1_33' title='bbox 617 678 665 683; x_wconf 86' lang='lat'><em>-</em></span> <span class='ocrx_word' id='word_1_34' title='bbox 692 655 825 704; x_wconf 76' lang='lat' dir='ltr'>Stnae‚</span> <span class='ocrx_word' id='word_1_35' title='bbox 849 652 1138 707; x_wconf 74' lang='lat' dir='ltr'>conglobatae,</span> <span class='ocrx_word' id='word_1_36' title='bbox 1161 652 1394 706; x_wconf 80' lang='lat' dir='ltr'>elongatae,</span> <span class='ocrx_word' id='word_1_37' title='bbox 1416 650 1557 704; x_wconf 86' lang='lat' dir='ltr'>spurie</span> 
     </span>
     <span class='ocr_line' id='line_1_7' title="bbox 80 728 1556 787; baseline -0.003 -12"><span class='ocrx_word' id='word_1_38' title='bbox 80 735 413 787; x_wconf 81' lang='lat' dir='ltr'>1—3-scptatae,</span> <span class='ocrx_word' id='word_1_39' title='bbox 458 733 665 787; x_wconf 81' lang='lat' dir='ltr'>hyalinae,</span> <span class='ocrx_word' id='word_1_40' title='bbox 712 732 980 786; x_wconf 83' lang='lat' dir='ltr'>majusculae.</span> <span class='ocrx_word' id='word_1_41' title='bbox 1049 731 1314 786; x_wconf 86' lang='lat' dir='ltr'>Paraphyses</span> <span class='ocrx_word' id='word_1_42' title='bbox 1353 728 1556 784; x_wconf 88' lang='lat' dir='ltr'>congluti-</span> 
     </span>
     <span class='ocr_line' id='line_1_8' title="bbox 76 817 213 854; baseline 0 0"><span class='ocrx_word' id='word_1_43' title='bbox 76 817 213 854; x_wconf 85' lang='lat' dir='ltr'>natae.</span> 
     </span>
    </p>
   </div>
   <div class='ocr_carea' id='block_1_3' title="bbox 211 897 883 943">
    <p class='ocr_par' dir='ltr' id='par_1_4' title="bbox 211 897 883 943">
     <span class='ocr_line' id='line_1_9' title="bbox 211 897 883 943; baseline -0.003 -10"><span class='ocrx_word' id='word_1_44' title='bbox 211 898 329 943; x_wconf 84' lang='lat' dir='ltr'>Ligni-</span> <span class='ocrx_word' id='word_1_45' title='bbox 359 899 417 932; x_wconf 84' lang='lat' dir='ltr'>vel</span> <span class='ocrx_word' id='word_1_46' title='bbox 448 898 553 932; x_wconf 84' lang='lat' dir='ltr'>cauli-</span> <span class='ocrx_word' id='word_1_47' title='bbox 584 898 641 932; x_wconf 83' lang='lat' dir='ltr'>vel</span> <span class='ocrx_word' id='word_1_48' title='bbox 672 897 883 932; x_wconf 84' lang='lat' dir='ltr'>thallicolae.</span> 
     </span>
    </p>
   </div>
   <div class='ocr_carea' id='block_1_4' title="bbox 75 1025 1556 1800">
    <p class='ocr_par' dir='ltr' id='par_1_5' title="bbox 76 1025 1553 1161">
     <span class='ocr_line' id='line_1_10' title="bbox 212 1025 1553 1069; baseline -0.002 0"><span class='ocrx_word' id='word_1_49' title='bbox 212 1028 377 1069; x_wconf 84' lang='lat' dir='ltr'>XLVII.</span> <span class='ocrx_word' id='word_1_50' title='bbox 438 1027 879 1069; x_wconf 82' lang='lat' dir='ltr'>LASIOSPHAERIA</span> <span class='ocrx_word' id='word_1_51' title='bbox 903 1026 993 1067; x_wconf 65' lang='lat' dir='ltr'>Ces.</span> <span class='ocrx_word' id='word_1_52' title='bbox 1018 1030 1060 1067; x_wconf 87' lang='lat' dir='ltr'>et</span> <span class='ocrx_word' id='word_1_53' title='bbox 1082 1026 1142 1066; x_wconf 75' lang='lat' dir='ltr'>DE</span> <span class='ocrx_word' id='word_1_54' title='bbox 1164 1026 1211 1066; x_wconf 87' lang='lat' dir='ltr'>N.</span> <span class='ocrx_word' id='word_1_55' title='bbox 1264 1025 1425 1067; x_wconf 87' lang='lat' dir='ltr'>Schem.</span> <span class='ocrx_word' id='word_1_56' title='bbox 1449 1025 1553 1067; x_wconf 85' lang='lat' dir='ltr'>Sfer.</span> 
     </span>
     <span class='ocr_line' id='line_1_11' title="bbox 76 1109 219 1161; baseline 0.014 -13"><span class='ocrx_word' id='word_1_57' title='bbox 76 1122 115 1161; x_wconf 89' lang='lat' dir='ltr'>p.</span> <span class='ocrx_word' id='word_1_58' title='bbox 153 1109 219 1150; x_wconf 78' lang='lat'>55.</span> 
     </span>
    </p>

    <p class='ocr_par' dir='ltr' id='par_1_6' title="bbox 75 1184 1556 1800">
     <span class='ocr_line' id='line_1_12' title="bbox 211 1184 1555 1240; baseline -0.001 -13"><span class='ocrx_word' id='word_1_59' title='bbox 211 1187 447 1228; x_wconf 84' lang='lat' dir='ltr'>Perithecia</span> <span class='ocrx_word' id='word_1_60' title='bbox 488 1184 769 1239; x_wconf 84' lang='lat' dir='ltr'>superficialia</span> <span class='ocrx_word' id='word_1_61' title='bbox 808 1185 872 1227; x_wconf 88' lang='lat' dir='ltr'>vel</span> <span class='ocrx_word' id='word_1_62' title='bbox 902 1185 1066 1226; x_wconf 81' lang='lat' dir='ltr'>matrici</span> <span class='ocrx_word' id='word_1_63' title='bbox 1106 1185 1314 1236; x_wconf 85' lang='lat' dir='ltr'>immersa,</span> <span class='ocrx_word' id='word_1_64' title='bbox 1349 1186 1444 1240; x_wconf 86' lang='lat' dir='ltr'>plus</span> <span class='ocrx_word' id='word_1_65' title='bbox 1479 1186 1555 1226; x_wconf 89' lang='lat' dir='ltr'>mi-</span> 
     </span>
     <span class='ocr_line' id='line_1_13' title="bbox 76 1264 1555 1321; baseline 0 -15"><span class='ocrx_word' id='word_1_66' title='bbox 76 1280 151 1307; x_wconf 91' lang='lat' dir='ltr'>nus</span> <span class='ocrx_word' id='word_1_67' title='bbox 183 1266 388 1315; x_wconf 87' lang='lat' dir='ltr'>villosula,</span> <span class='ocrx_word' id='word_1_68' title='bbox 429 1266 540 1307; x_wconf 81' lang='lat' dir='ltr'>hirta</span> <span class='ocrx_word' id='word_1_69' title='bbox 571 1266 814 1320; x_wconf 83' lang='lat' dir='ltr'>strigosave,</span> <span class='ocrx_word' id='word_1_70' title='bbox 846 1278 942 1307; x_wconf 86' lang='lat' dir='ltr'>raro</span> <span class='ocrx_word' id='word_1_71' title='bbox 975 1264 1135 1321; x_wconf 81' lang='lat' dir='ltr'>glabra,</span> <span class='ocrx_word' id='word_1_72' title='bbox 1167 1265 1357 1307; x_wconf 88' lang='lat' dir='ltr'>subiculo</span> <span class='ocrx_word' id='word_1_73' title='bbox 1396 1264 1555 1307; x_wconf 88' lang='lat' dir='ltr'>fibroso</span> 
     </span>
     <span class='ocr_line' id='line_1_14' title="bbox 76 1345 1554 1401; baseline 0.001 -15"><span class='ocrx_word' id='word_1_74' title='bbox 76 1346 320 1400; x_wconf 85' lang='lat' dir='ltr'>qvandoqve</span> <span class='ocrx_word' id='word_1_75' title='bbox 369 1345 608 1396; x_wconf 83' lang='lat' dir='ltr'>insidentia,</span> <span class='ocrx_word' id='word_1_76' title='bbox 654 1345 932 1399; x_wconf 84' lang='lat' dir='ltr'>sphaeroidea</span> <span class='ocrx_word' id='word_1_77' title='bbox 975 1346 1039 1388; x_wconf 87' lang='lat' dir='ltr'>vel</span> <span class='ocrx_word' id='word_1_78' title='bbox 1083 1346 1270 1396; x_wconf 85' lang='lat' dir='ltr'>ovoidea,</span> <span class='ocrx_word' id='word_1_79' title='bbox 1315 1359 1554 1401; x_wconf 80' lang='lat' dir='ltr'>papyracea</span> 
     </span>
     <span class='ocr_line' id='line_1_15' title="bbox 75 1425 1553 1481; baseline -0.002 -11"><span class='ocrx_word' id='word_1_80' title='bbox 75 1429 138 1470; x_wconf 86' lang='lat' dir='ltr'>vel</span> <span class='ocrx_word' id='word_1_81' title='bbox 177 1428 449 1478; x_wconf 81' lang='lat' dir='ltr'>carbonacea,</span> <span class='ocrx_word' id='word_1_82' title='bbox 492 1427 643 1470; x_wconf 85' lang='lat' dir='ltr'>ostiolo</span> <span class='ocrx_word' id='word_1_83' title='bbox 683 1427 902 1481; x_wconf 85' lang='lat' dir='ltr'>papillato,</span> <span class='ocrx_word' id='word_1_84' title='bbox 942 1427 1150 1468; x_wconf 81' lang='lat' dir='ltr'>interdum</span> <span class='ocrx_word' id='word_1_85' title='bbox 1191 1426 1394 1468; x_wconf 89' lang='lat' dir='ltr'>obsoleto.</span> <span class='ocrx_word' id='word_1_86' title='bbox 1454 1425 1553 1467; x_wconf 83' lang='lat' dir='ltr'>Asci</span> 
     </span>
     <span class='ocr_line' id='line_1_16' title="bbox 75 1505 1554 1561; baseline -0.003 -11"><span class='ocrx_word' id='word_1_87' title='bbox 75 1508 327 1561; x_wconf 86' lang='lat' dir='ltr'>pedicellati,</span> <span class='ocrx_word' id='word_1_88' title='bbox 360 1507 737 1550; x_wconf 85' lang='lat' dir='ltr'>fusoideo-clavati.</span> <span class='ocrx_word' id='word_1_89' title='bbox 789 1507 949 1560; x_wconf 85' lang='lat' dir='ltr'>Sporae</span> <span class='ocrx_word' id='word_1_90' title='bbox 980 1509 1112 1557; x_wconf 75' lang='lat' dir='ltr'>8:nae,</span> <span class='ocrx_word' id='word_1_91' title='bbox 1146 1506 1350 1548; x_wconf 84' lang='lat' dir='ltr'>distichae</span> <span class='ocrx_word' id='word_1_92' title='bbox 1370 1505 1435 1548; x_wconf 85' lang='lat' dir='ltr'>vel</span> <span class='ocrx_word' id='word_1_93' title='bbox 1457 1519 1554 1547; x_wconf 89' lang='lat' dir='ltr'>con-</span> 
     </span>
     <span class='ocr_line' id='line_1_17' title="bbox 76 1572 1556 1643; baseline -0.003 -14"><span class='ocrx_word' id='word_1_94' title='bbox 76 1572 555 1643; x_wconf 35' lang='lat' dir='ltr'>globatae,&#39;bacillares,</span> <span class='ocrx_word' id='word_1_95' title='bbox 586 1600 662 1640; x_wconf 88' lang='lat' dir='ltr'>pro</span> <span class='ocrx_word' id='word_1_96' title='bbox 696 1600 809 1628; x_wconf 87' lang='lat' dir='ltr'>more</span> <span class='ocrx_word' id='word_1_97' title='bbox 838 1586 1050 1628; x_wconf 72' lang='lat' dir='ltr'>flexuosae</span> <span class='ocrx_word' id='word_1_98' title='bbox 1082 1586 1426 1639; x_wconf 84' lang='lat' dir='ltr'>(vermiculares),</span> <span class='ocrx_word' id='word_1_99' title='bbox 1459 1585 1556 1626; x_wconf 84' lang='lat' dir='ltr'>sim-</span> 
     </span>
     <span class='ocr_line' id='line_1_18' title="bbox 76 1665 1554 1721; baseline -0.002 -12"><span class='ocrx_word' id='word_1_100' title='bbox 76 1668 206 1721; x_wconf 88' lang='lat' dir='ltr'>plices</span> <span class='ocrx_word' id='word_1_101' title='bbox 244 1667 308 1709; x_wconf 86' lang='lat' dir='ltr'>vel</span> <span class='ocrx_word' id='word_1_102' title='bbox 347 1666 487 1720; x_wconf 80' lang='lat' dir='ltr'>spurio</span> <span class='ocrx_word' id='word_1_103' title='bbox 528 1670 731 1719; x_wconf 81' lang='lat' dir='ltr'>septatae,</span> <span class='ocrx_word' id='word_1_104' title='bbox 772 1666 964 1720; x_wconf 84' lang='lat' dir='ltr'>hyalinae</span> <span class='ocrx_word' id='word_1_105' title='bbox 1002 1666 1064 1707; x_wconf 86' lang='lat' dir='ltr'>vel</span> <span class='ocrx_word' id='word_1_106' title='bbox 1096 1665 1226 1708; x_wconf 88' lang='lat' dir='ltr'>dilute</span> <span class='ocrx_word' id='word_1_107' title='bbox 1257 1665 1554 1713; x_wconf 78' lang='lat' dir='ltr'>fusceseentes,</span> 
     </span>
     <span class='ocr_line' id='line_1_19' title="bbox 78 1742 835 1800; baseline -0.001 -13"><span class='ocrx_word' id='word_1_108' title='bbox 78 1747 347 1800; x_wconf 81' lang='lat' dir='ltr'>majusculae.</span> <span class='ocrx_word' id='word_1_109' title='bbox 830 1742 835 1747; x_wconf 70' lang='grc'><strong><em>’</em></strong></span> 
     </span>
    </p>
   </div>
   <div class='ocr_carea' id='block_1_5' title="bbox 211 1831 1554 1876">
    <p class='ocr_par' dir='ltr' id='par_1_7' title="bbox 211 1831 1554 1876">
     <span class='ocr_line' id='line_1_20' title="bbox 211 1831 1554 1876; baseline -0.001 -10"><span class='ocrx_word' id='word_1_110' title='bbox 211 1833 325 1876; x_wconf 85' lang='lat' dir='ltr'>Fungi</span> <span class='ocrx_word' id='word_1_111' title='bbox 357 1833 552 1867; x_wconf 85' lang='lat' dir='ltr'>mediocres</span> <span class='ocrx_word' id='word_1_112' title='bbox 582 1833 638 1866; x_wconf 82' lang='lat' dir='ltr'>vel</span> <span class='ocrx_word' id='word_1_113' title='bbox 659 1832 825 1873; x_wconf 84' lang='lat' dir='ltr'>minutae,</span> <span class='ocrx_word' id='word_1_114' title='bbox 847 1832 883 1866; x_wconf 89' lang='lat' dir='ltr'>in</span> <span class='ocrx_word' id='word_1_115' title='bbox 904 1833 1000 1875; x_wconf 86' lang='lat' dir='ltr'>ligno</span> <span class='ocrx_word' id='word_1_116' title='bbox 1022 1832 1198 1866; x_wconf 87' lang='lat' dir='ltr'>corticeve</span> <span class='ocrx_word' id='word_1_117' title='bbox 1219 1831 1362 1876; x_wconf 86' lang='lat' dir='ltr'>putrido</span> <span class='ocrx_word' id='word_1_118' title='bbox 1382 1831 1554 1875; x_wconf 82' lang='lat' dir='ltr'>vigentes.</span> 
     </span>
    </p>
   </div>
   <div class='ocr_carea' id='block_1_6' title="bbox 78 1949 1560 2481">
    <p class='ocr_par' dir='ltr' id='par_1_8' title="bbox 78 1949 1555 2084">
     <span class='ocr_line' id='line_1_21' title="bbox 211 1949 1555 2004; baseline -0.001 -13"><span class='ocrx_word' id='word_1_119' title='bbox 211 1951 397 1992; x_wconf 85' lang='lat' dir='ltr'>XLVIII.</span> <span class='ocrx_word' id='word_1_120' title='bbox 457 1950 929 1992; x_wconf 87' lang='lat' dir='ltr'>RHAPHIDOSPORA</span> <span class='ocrx_word' id='word_1_121' title='bbox 959 1950 1069 2004; x_wconf 69' lang='lat' dir='ltr'>(Fa.)</span> <span class='ocrx_word' id='word_1_122' title='bbox 1129 1950 1254 1991; x_wconf 85' lang='lat' dir='ltr'>Fuck.</span> <span class='ocrx_word' id='word_1_123' title='bbox 1291 1949 1428 2004; x_wconf 84' lang='lat' dir='ltr'>Symb.</span> <span class='ocrx_word' id='word_1_124' title='bbox 1450 1963 1555 2004; x_wconf 84' lang='lat' dir='ltr'>myc.</span> 
     </span>
     <span class='ocr_line' id='line_1_22' title="bbox 78 2032 243 2084; baseline 0 -13"><span class='ocrx_word' id='word_1_125' title='bbox 78 2045 116 2084; x_wconf 92' lang='lat' dir='ltr'>p.</span> <span class='ocrx_word' id='word_1_126' title='bbox 153 2032 243 2072; x_wconf 83' lang='lat'>125.</span> 
     </span>
    </p>

    <p class='ocr_par' dir='ltr' id='par_1_9' title="bbox 79 2107 1560 2481">
     <span class='ocr_line' id='line_1_23' title="bbox 212 2107 1557 2162; baseline 0 -12"><span class='ocrx_word' id='word_1_127' title='bbox 212 2109 449 2151; x_wconf 82' lang='lat' dir='ltr'>Perithecia</span> <span class='ocrx_word' id='word_1_128' title='bbox 466 2123 624 2162; x_wconf 83' lang='lat' dir='ltr'>sparsa,</span> <span class='ocrx_word' id='word_1_129' title='bbox 640 2109 999 2162; x_wconf 82' lang='lat' dir='ltr'>subsphaeroidea</span> <span class='ocrx_word' id='word_1_130' title='bbox 1016 2108 1079 2149; x_wconf 89' lang='lat' dir='ltr'>vel</span> <span class='ocrx_word' id='word_1_131' title='bbox 1096 2107 1392 2158; x_wconf 86' lang='lat' dir='ltr'>subconoidea,</span> <span class='ocrx_word' id='word_1_132' title='bbox 1407 2108 1557 2150; x_wconf 85' lang='lat' dir='ltr'>ostiolo</span> 
     </span>
     <span class='ocr_line' id='line_1_24' title="bbox 79 2187 1558 2243; baseline -0.001 -13"><span class='ocrx_word' id='word_1_133' title='bbox 79 2189 283 2243; x_wconf 84' lang='lat' dir='ltr'>papillato</span> <span class='ocrx_word' id='word_1_134' title='bbox 320 2188 384 2230; x_wconf 84' lang='lat' dir='ltr'>vel</span> <span class='ocrx_word' id='word_1_135' title='bbox 415 2188 623 2243; x_wconf 87' lang='lat' dir='ltr'>elongato,</span> <span class='ocrx_word' id='word_1_136' title='bbox 654 2187 939 2229; x_wconf 85' lang='lat' dir='ltr'>subcoriacca.</span> <span class='ocrx_word' id='word_1_137' title='bbox 999 2188 1097 2229; x_wconf 84' lang='lat' dir='ltr'>Asci</span> <span class='ocrx_word' id='word_1_138' title='bbox 1128 2187 1393 2241; x_wconf 84' lang='lat' dir='ltr'>cylindracei.</span> <span class='ocrx_word' id='word_1_139' title='bbox 1455 2187 1558 2242; x_wconf 83' lang='lat' dir='ltr'>Spo-</span> 
     </span>
     <span class='ocr_line' id='line_1_25' title="bbox 79 2266 1560 2322; baseline -0.001 -13"><span class='ocrx_word' id='word_1_140' title='bbox 79 2282 150 2310; x_wconf 82' lang='lat' dir='ltr'>rae</span> <span class='ocrx_word' id='word_1_141' title='bbox 181 2270 314 2318; x_wconf 76' lang='lat' dir='ltr'>82nac,</span> <span class='ocrx_word' id='word_1_142' title='bbox 345 2268 548 2321; x_wconf 78' lang='lat' dir='ltr'>parallelo</span> <span class='ocrx_word' id='word_1_143' title='bbox 580 2268 774 2321; x_wconf 83' lang='lat' dir='ltr'>stipatae,</span> <span class='ocrx_word' id='word_1_144' title='bbox 804 2266 1031 2317; x_wconf 87' lang='lat' dir='ltr'>filiformes,</span> <span class='ocrx_word' id='word_1_145' title='bbox 1064 2267 1296 2322; x_wconf 82' lang='lat' dir='ltr'>guttulatae</span> <span class='ocrx_word' id='word_1_146' title='bbox 1327 2268 1391 2309; x_wconf 88' lang='lat' dir='ltr'>vel</span> <span class='ocrx_word' id='word_1_147' title='bbox 1421 2272 1560 2321; x_wconf 88' lang='lat' dir='ltr'>septa-</span> 
     </span>
     <span class='ocr_line' id='line_1_26' title="bbox 80 2346 1560 2402; baseline -0.001 -14"><span class='ocrx_word' id='word_1_148' title='bbox 80 2352 160 2396; x_wconf 86' lang='lat' dir='ltr'>tae,</span> <span class='ocrx_word' id='word_1_149' title='bbox 210 2346 496 2389; x_wconf 85' lang='lat' dir='ltr'>flavescentes.</span> <span class='ocrx_word' id='word_1_150' title='bbox 570 2347 833 2401; x_wconf 79' lang='lat' dir='ltr'>Paraphyses</span> <span class='ocrx_word' id='word_1_151' title='bbox 881 2346 1111 2389; x_wconf 86' lang='lat' dir='ltr'>filiformes.</span> <span class='ocrx_word' id='word_1_152' title='bbox 1155 2372 1211 2378; x_wconf 88' lang='lat'>—-</span> <span class='ocrx_word' id='word_1_153' title='bbox 1256 2347 1560 2402; x_wconf 79' lang='lat' dir='ltr'>Spermogonia</span> 
     </span>
     <span class='ocr_line' id='line_1_27' title="bbox 82 2427 261 2481; baseline -0.006 -13"><span class='ocrx_word' id='word_1_154' title='bbox 82 2427 261 2481; x_wconf 85' lang='lat' dir='ltr'>cognita.</span> 
     </span>
    </p>
   </div>
   <div class='ocr_carea' id='block_1_7' title="bbox 215 2513 1005 2557">
    <p class='ocr_par' dir='ltr' id='par_1_10' title="bbox 215 2513 1005 2557">
     <span class='ocr_line' id='line_1_28' title="bbox 215 2513 1005 2557; baseline 0.001 -11"><span class='ocrx_word' id='word_1_155' title='bbox 215 2513 369 2557; x_wconf 85' lang='lat' dir='ltr'>Fungilli</span> <span class='ocrx_word' id='word_1_156' title='bbox 398 2514 535 2554; x_wconf 84' lang='lat' dir='ltr'>minuti,</span> <span class='ocrx_word' id='word_1_157' title='bbox 567 2514 672 2547; x_wconf 85' lang='lat' dir='ltr'>cauli·</span> <span class='ocrx_word' id='word_1_158' title='bbox 702 2515 758 2547; x_wconf 86' lang='lat' dir='ltr'>vel</span> <span class='ocrx_word' id='word_1_159' title='bbox 790 2514 1005 2548; x_wconf 84' lang='lat' dir='ltr'>culmicolae.</span> 
     </span>
    </p>
   </div>
   <div class='ocr_carea' id='block_1_8' title="bbox 216 2641 1422 2697">
    <p class='ocr_par' dir='ltr' id='par_1_11' title="bbox 216 2641 1422 2697">
     <span class='ocr_line' id='line_1_29' title="bbox 216 2641 1422 2697; baseline 0.002 -16"><span class='ocrx_word' id='word_1_160' title='bbox 216 2641 362 2682; x_wconf 88' lang='lat' dir='ltr'>XLIX.</span> <span class='ocrx_word' id='word_1_161' title='bbox 422 2641 737 2684; x_wconf 85' lang='lat' dir='ltr'>LINOSPORA</span> <span class='ocrx_word' id='word_1_162' title='bbox 768 2643 885 2683; x_wconf 61' lang='lat' dir='ltr'>Fuchu</span> <span class='ocrx_word' id='word_1_163' title='bbox 948 2642 1087 2697; x_wconf 86' lang='lat' dir='ltr'>Symb.</span> <span class='ocrx_word' id='word_1_164' title='bbox 1120 2656 1224 2697; x_wconf 86' lang='lat' dir='ltr'>myc.</span> <span class='ocrx_word' id='word_1_165' title='bbox 1257 2656 1296 2695; x_wconf 91' lang='lat' dir='ltr'>p.</span> <span class='ocrx_word' id='word_1_166' title='bbox 1331 2644 1422 2684; x_wconf 80' lang='lat'>123.</span> 
     </span>
    </p>
   </div>
   <div class='ocr_carea' id='block_1_9' title="bbox 86 2720 1561 2854">
    <p class='ocr_par' dir='ltr' id='par_1_12' title="bbox 86 2720 1561 2854">
     <span class='ocr_line' id='line_1_30' title="bbox 218 2720 1561 2776; baseline 0.002 -16"><span class='ocrx_word' id='word_1_167' title='bbox 218 2721 384 2761; x_wconf 83' lang='lat' dir='ltr'>Stroma</span> <span class='ocrx_word' id='word_1_168' title='bbox 413 2720 768 2771; x_wconf 83' lang='lat' dir='ltr'>tuberculiforme,</span> <span class='ocrx_word' id='word_1_169' title='bbox 801 2722 1115 2776; x_wconf 81' lang='lat' dir='ltr'>parenchymati</span> <span class='ocrx_word' id='word_1_170' title='bbox 1145 2721 1235 2763; x_wconf 90' lang='lat' dir='ltr'>folii</span> <span class='ocrx_word' id='word_1_171' title='bbox 1266 2721 1454 2763; x_wconf 86' lang='lat' dir='ltr'>innatum</span> <span class='ocrx_word' id='word_1_172' title='bbox 1475 2722 1561 2776; x_wconf 89' lang='lat' dir='ltr'>epi-</span> 
     </span>
     <span class='ocr_line' id='line_1_31' title="bbox 86 2798 1560 2854; baseline 0.002 -15"><span class='ocrx_word' id='word_1_173' title='bbox 86 2798 349 2851; x_wconf 84' lang='lat' dir='ltr'>dermideqve</span> <span class='ocrx_word' id='word_1_174' title='bbox 381 2799 653 2850; x_wconf 86' lang='lat' dir='ltr'>subconnata,</span> <span class='ocrx_word' id='word_1_175' title='bbox 685 2800 918 2854; x_wconf 84' lang='lat' dir='ltr'>nigrefacta</span> <span class='ocrx_word' id='word_1_176' title='bbox 949 2804 1116 2842; x_wconf 81' lang='lat' dir='ltr'>tectum.</span> <span class='ocrx_word' id='word_1_177' title='bbox 1178 2800 1417 2842; x_wconf 86' lang='lat' dir='ltr'>Pecithecia</span> <span class='ocrx_word' id='word_1_178' title='bbox 1448 2814 1560 2843; x_wconf 85' lang='lat' dir='ltr'>sero-</span> 
     </span>
    </p>
   </div>
  </div>
 </body>
</html>
