1856 3177
1392 237 1466 276 131

338 354 529 394 XXXIX.
592 355 1083 399 CRYPTOSPHAERIA
1115 359 1238 401 anzv.

187 459 221 496 1.
283 456 355 497 Cr.
387 456 780 509 millepunctata
812 459 935 500 Gnnv.
970 460 1109 515 Crypt
1142 467 1243 504 scot.
1275 467 1304 503 t.
1338 466 1433 506 201.

185 534 252 575 Sti
256 548 349 575 oma
369 534 611 587 plerumqve
629 536 870 590 longissime
887 539 1175 593 ambienteqve
1192 541 1381 583 effusum.
1413 544 1528 585 Peri-

47 588 186 654 thecia
225 613 369 654 cortici
410 613 598 655 interiori
635 616 868 658 incolorato
908 618 971 660 vel
1009 620 1178 661 tandem
1218 622 1527 675 atroinqvinato

46 692 255 742 immersa,
297 693 550 746 peridermio
587 694 807 749 laevigato,
849 697 1046 752 contiguo
1088 703 1129 740 et
1165 699 1397 752 immutato,
1429 716 1526 745 raro

44 785 194 825 parum
225 772 384 813 elevato
415 773 479 814 vel
511 772 749 824 obscurato,
782 789 833 816 ex
863 776 1025 818 ostiolis
1057 778 1379 832 nigropunetato
1400 785 1526 838 tecta,

46 851 234 893 conferta
263 852 327 892 vel
358 865 518 904 sparsa,
550 853 840 905 sphaeroidea,
862 856 1106 909 majuscula,
1129 858 1248 900 collis
1268 859 1525 903 brevissimis

45 930 287 982 ostiolisqve
317 931 578 983 prominulis,
601 932 971 986 subsphaeroideis
991 936 1056 976 vel
1077 936 1434 991 hemisphaericis‚
1456 954 1525 981 ru-

45 1010 156 1064 gosis
196 1010 260 1051 vel
299 1010 394 1063 plus
434 1010 568 1052 minus
608 1012 691 1053 alte
731 1013 917 1064 sulcatis,
957 1015 1144 1066 rudibus,
1184 1018 1366 1060 minutis.
1425 1020 1525 1061 Asci

45 1089 495 1143 oylindraoeo-clavati,
537 1091 779 1144 longissime
818 1093 1072 1145 pedioellati,
1113 1095 1256 1150 longit.
1289 1099 1343 1139 40
1382 1113 1521 1140 mmm.

43 1169 158 1222 (pars
190 1169 388 1221 sporrif.)‚
421 1169 581 1211 erassit.
604 1171 711 1212 5-—8
735 1185 871 1212 mmm.
904 1172 1065 1225 Sporae
1088 1175 1384 1227 subdistiohae,
1408 1178 1522 1219 elon-

43 1250 165 1301 gatae
204 1247 268 1288 vel
308 1247 573 1301 oblongatae,
613 1249 857 1302 plerumqve
889 1252 1097 1302 eurvulae,
1130 1253 1354 1307 simplices,
1385 1255 1522 1297 fusce-

42 1328 218 1375 scentes,
250 1326 393 1380 longit.
427 1328 563 1367 8-12
595 1342 748 1377 mmm„
781 1329 942 1369 erassit.
975 1333 1084 1371 2-3
1116 1346 1254 1372 mmm.

175 1424 256 1467 Syn.
316 1423 496 1467 Sphaeria
526 1424 795 1469 millepzmctata
824 1427 888 1460 ΕΒ.
921 1428 1051 1461 Summ.
1075 1429 1164 1473 Veg.
1197 1431 1324 1465 Scand.
1356 1444 1392 1476 p.
1426 1430 1518 1466 393.

42 1492 155 1525 ΟΟΟΚ.
186 1492 277 1525 Brit.
309 1491 422 1535 Fung.
454 1492 501 1532 II,
532 1504 566 1537 p.
603 1490 694 1526 885.
761 1493 943 1537 Sphaeria
973 1496 1109 1529 corticis
1138 1497 1200 1531 Fa.
1232 1498 1323 1543 Syst.
1353 1511 1441 1544 myo.
1471 1500 1519 1542 II,

41 1571 74 1604 p.
107 1556 198 1592 481.
266 1557 379 1592 Valsa
408 1559 678 1603 millepzmctata
708 1561 878 1595 Nl'rscHK.
910 1563 992 1607 Pyr.
1025 1574 1133 1607 germ.
1166 1577 1201 1610 p.
1229 1564 1318 1600 161.
1372 1565 1521 1612 Crypto-

41 1626 211 1670 splzaeria
240 1626 507 1670 millepmzctata
537 1628 647 1661 Fncx.
679 1628 798 1672 Symb.
829 1641 919 1674 myo.
951 1642 984 1674 p.
1017 1625 1108 1666 212.

174 1718 310 1750 Exsico.
370 1718 506 1751 KARs'r.
540 1718 650 1761 Fung.
682 1719 792 1752 Fenn.
827 1716 919 1753 789.

176 1801 284 1842 Hab.
336 1801 382 1841 ln
414 1802 569 1842 cortice
600 1806 842 1843 truncorum
873 1818 1164 1858 ramorumqve
1185 1807 1342 1862 Populi
1371 1816 1518 1850 tremu-

43 1882 107 1921 lae
137 1881 179 1920 in
210 1880 368 1921 Fennia
398 1881 546 1920 saltem
577 1881 839 1922 meridionali
860 1884 1029 1935 passim.
1079 1884 1216 1926 Etiam
1238 1886 1281 1926 in
1301 1887 1520 1940 Lapponia

40 1959 212 2009 rossioa,
245 1973 376 2012 prope
407 1959 563 2008 Kn'as'a,
597 1959 830 2002 observata.

177 2109 214 2146 2.
276 2105 346 2145 Cr.
379 2105 600 2146 vioinula
630 2106 763 2159 (Nn.)
794 2107 936 2147 KAns‘r.

177 2185 344 2226 Stroma
375 2184 563 2233 effusum,
595 2184 838 2237 plerumqve
869 2186 1005 2235 breve,
1038 2188 1337 2237 maculiforme,
1365 2191 1520 2232 discre-

42 2269 128 2305 tum
168 2264 231 2305 vel
276 2263 501 2313 confluens,
550 2264 694 2304 cortici
740 2263 930 2306 interiori
973 2266 1207 2308 incolorato
1247 2268 1311 2309 vel
1348 2270 1519 2311 tandem

44 2342 350 2396 atroinqvinato
380 2343 581 2383 innatum.
640 2343 877 2384 Peritheoia
906 2343 1114 2394 immersa,
1145 2347 1397 2399 peridermio
1423 2348 1518 2400 plus

42 2425 178 2464 minus
211 2423 383 2471 elevato,
408 2423 627 2476 laevigato,
650 2423 828 2475 primum
850 2423 1078 2473 immutato,
1103 2425 1198 2465 dein
1221 2425 1518 2476 cinerasoente,

42 2496 211 2542 tandem
238 2502 281 2541 in
312 2504 493 2541 crustam
523 2504 701 2551 tenuem,
734 2502 985 2551 continuam,
1018 2503 1245 2555 aeqvalem,
1276 2507 1410 2545 atram
1431 2519 1520 2545 mu-

42 2584 130 2623 tato
167 2584 292 2630 tecta,
336 2580 612 2632 sphaeroidea
642 2581 706 2622 vel
736 2584 878 2622 mutua
909 2582 1124 2634 pressione
1156 2582 1367 2635 angulata,
1400 2583 1519 2624 collis

42 2660 298 2700 brevissimis
344 2659 584 2711 ostiolisqve
628 2660 888 2712 prominulis,
934 2659 1277 2713 hemisphaeriois
1322 2661 1387 2701 vel
1422 2661 1518 2703 sub-

45 2737 344 2792 sphaeroideis,
376 2738 551 2790 rugosis,
582 2739 751 2779 tandem
782 2739 875 2791 plus
907 2738 1041 2779 minus
1072 2738 1243 2779 sulcatis
1271 2742 1312 2780 et
1331 2739 1517 2790 rudibus,

44 2817 223 2858 minutis.
286 2818 382 2858 Asoi
414 2817 864 2871 oylindraeeo-olavati,
892 2817 1132 2871 longissime
1153 2818 1407 2871 pedieellati,
1429 2819 1517 2860 lon-
