1856 3177
1458 203 1508 241 25

227 331 353 373 LXII.
415 329 853 373 SPHAEROTHECA
894 329 988 370 Lssv.
1021 329 1063 369 in
1092 331 1196 369 Ann.
1231 328 1295 370 Sc.
1327 332 1412 370 nat.
1448 330 1568 379 1851,

94 426 133 466 p.
170 413 260 453 138.

228 489 463 532 Perithecia
491 488 779 542 sphaeroidea,
812 501 909 529 asco
931 488 1054 529 unico
1076 487 1320 536 vesiculoso,
1344 490 1569 540 octosporo

94 570 238 611 farcta.
298 568 613 623 Appendiculae
643 581 903 617 numerosae,
935 567 1157 616 floccosae,
1190 580 1282 607 cum
1312 566 1488 620 mycelio
1509 565 1574 606 in-

93 652 312 690 tertextae.

226 773 373 814 LXIII.
436 772 842 815 PODOSPHAERA
874 773 998 813 Kumz.
1059 772 1153 814 Lev.
1186 773 1228 812 in
1259 774 1363 812 Ann.
1397 772 1461 813 Sc.
1484 776 1569 812 nat.

98 853 217 902 1851,
248 866 288 906 p.
325 854 415 893 135.
966 838 968 841 ’

228 933 264 973 Α
293 931 424 985 priori
453 932 679 985 praecipue
711 931 1000 985 appendiculis
1031 931 1170 984 parcis
1203 932 1362 984 (3-8),
1386 930 1573 972 dichoto-

95 1011 184 1061 mis,
216 1011 356 1061 fuscis,
386 1011 505 1064 apice
535 1011 711 1066 turgidis
743 1016 784 1052 et
814 1011 992 1065 hyalinis
1024 1011 1194 1052 recedit.

228 1137 367 1178 LXIV.
428 1137 691 1178 ENCHNOA
722 1137 791 1178 FP..
853 1137 1005 1178 Summ.
1039 1137 1138 1191 Veg.
1173 1136 1321 1177 Scand.
1354 1150 1393 1189 p.
1426 1136 1520 1177 410.

228 1215 465 1257 Perithecia
502 1229 649 1269 sparsa
690 1216 751 1257 vel
790 1216 995 1270 gregaria,
1036 1218 1160 1264 tecta,
1201 1218 1385 1256 tomento
1428 1215 1572 1263 denso⁷

95 1294 211 1336 fusco
241 1295 420 1349 undiqve
453 1295 626 1336 obsessa
657 1295 720 1336 vel
741 1295 977 1344 insidentia,
1001 1294 1259 1343 tenuissima,
1280 1294 1460 1348 fragilia,
1484 1307 1573 1335 ver-

94 1374 176 1415 tice
221 1374 490 1427 punctiformi
534 1375 829 1428 peridermium
877 1377 1100 1416 comiatum
1145 1373 1400 1427 perforante.
1477 1373 1575 1414 Asci

96 1453 515 1507 cylidraceo-clavati.
586 1454 744 1508 Sporae
785 1456 917 1503 8znae,
951 1453 1214 1507 oblongatae,
1247 1453 1479 1507 guttulatae
1510 1453 1575 1494 vel

96 1533 236 1586 spurie
268 1537 470 1587 septatae,
501 1533 709 1588 hyalinae.

230 1658 354 1699 LXV.
415 1658 783 1700 CHAETOMIUM
825 1658 950 1699 Kuwz.
994 1662 1035 1699 et
1075 1657 1211 1699 Schm.
1249 1657 1358 1712 Myk.
1398 1657 1509 1698 Heft.
1542 1657 1572 1703 Ι,

97 1751 136 1790 p.
178 1740 240 1779 15.

231 1816 468 1858 Perithecia
508 1816 802 1870 superficialia,
844 1816 1459 1865 carbonaceo-membranacea,
1492 1816 1577 1857 fra-

98 1895 209 1950 gilia,
249 1896 345 1950 pilis
385 1897 544 1938 vestita.
615 1897 711 1938 Asci
753 1897 834 1938 cito
872 1900 1107 1950 pereuntes,
1134 1932 1138 1936 .
1170 1896 1328 1949 Sporae
1369 1896 1572 1951 hyalinae„

99 1975 263 2016 demum
293 1976 450 2017 fuscae.

233 2063 264 2096 b.
295 2063 404 2096 Laete
435 2064 621 2097 coloratae.

233 2194 410 2234 Subfam.
443 2195 502 2234 12.
563 2195 877 2234 NECTRIEAE.

234 2272 453 2326 Simplices
474 2273 538 2314 vel
560 2274 829 2326 compositae.
876 2272 1113 2314 Perithecia
1133 2272 1467 2321 membranacea,
1487 2286 1580 2312 car-

97 2363 201 2391 nosa
221 2350 285 2391 vel
307 2364 491 2402 ceracea,
513 2351 704 2402 flaccida,
728 2352 879 2393 coloris
902 2352 1014 2401 laeti,
1032 2351 1096 2394 vel
1117 2351 1288 2405 pallida,
1307 2351 1519 2392 rarissime
1533 2352 1571 2401 ²⁸)

99 2429 485 2484 rufonigrescentia‚
517 2431 666 2473 nucleo
696 2431 842 2482 fluxili,
873 2432 1044 2485 pallido.
1097 2431 1255 2485 Sporae
1283 2431 1488 2485 hyalinae,
1510 2445 1574 2471 ra-

99 2508 262 2549 rissime
293 2508 447 2559 fuscae,
481 2511 724 2564 saepissime
755 2511 797 2551 in
829 2510 988 2552 cirrhos
1019 2510 1083 2551 vel
1114 2510 1257 2564 glebas
1289 2510 1457 2551 tandem
1484 2523 1579 2550 eru-

101 2590 250 2628 etatae.

234 2668 272 2719 *)
303 2667 581 2720 Compositae.

233 2788 270 2843 ἰ)
300 2798 342 2831 In
374 2797 476 2833 Cord.
508 2800 799 2843 ophioglossoide.
