1856 3177
338 231 387 270 10

276 360 411 410 gatae,
442 357 780 406 murali-divisae,
811 356 942 397 flavae
972 356 1036 397 vel
1055 356 1337 400 flavescentes.
1385 358 1645 413 Paraphyses
1665 358 1741 400 fili·

275 436 444 477 formes.
477 460 530 465 ——-
564 436 750 484 Conidia,
782 435 1074 489 spermogonia
1104 439 1145 477 et
1174 437 1367 490 pycnidia
1397 438 1575 491 cognita.

409 521 562 564 Fungilli
591 521 717 554 minuti
747 521 803 554 vel
832 521 1065 562 minutissimi,
1097 522 1212 563 cauli-,
1244 522 1362 556 culmi·
1392 523 1448 556 vel
1477 522 1659 557 foliicolae.

410 638 498 678 XX.
559 636 787 678 FUMAGO
818 637 912 678 Τυι.
973 637 1054 678 Sel.
1085 638 1214 692 Fung.
1247 638 1369 691 Carp.
1402 638 1452 688 II,
1483 653 1522 692 p.
1555 640 1647 679 279.

410 715 651 757 Subiculum
681 714 868 765 effusum,
900 730 1037 757 ramos
1067 720 1177 758 totos
1209 717 1408 766 ambiens,
1431 721 1577 758 atrum.
1628 717 1740 758 Peri-

272 794 411 835 thecia
447 794 720 843 carbonacea,
758 808 866 835 nunc
897 794 1114 847 simplicia,
1147 809 1254 836 nunc
1284 795 1456 837 brachio
1484 796 1671 837 tenuiore
1702 798 1743 836 et

275 873 442 925 saepius
472 873 485 912 i
507 872 725 926 pycnidem
747 876 917 921 mutato,
940 873 1035 913 hine
1059 876 1130 913 aut
1150 873 1246 913 hinc
1268 876 1389 925 atqve
1410 873 1505 914 hinc
1526 873 1740 922 instructa,

275 952 437 993 sessilia
467 952 530 992 vel
561 951 805 993 columellae
827 951 1095 992 brevissimae
1116 951 1364 1001 insistentia,
1386 952 1539 993 vertice
1560 952 1742 1005 peculia·

273 1030 376 1071 riter
404 1031 649 1079 incrassato,
681 1030 944 1083 capitiformi.
990 1031 1087 1071 Asci
1117 1030 1594 1084 obovoideo-oblongati.
1641 1030 1743 1083 Spo-

274 1122 345 1149 rae
376 1110 507 1157 Stnae,
546 1108 1003 1162 ovoideo-oblongatae,
1032 1109 1363 1161 3-4-septatae,
1396 1108 1620 1149 accedente
1651 1121 1741 1160 sep-

273 1187 360 1228 tulo
391 1187 696 1241 longitudinali,
727 1187 881 1228 fuscae.

409 1325 583 1365 Subfam.
615 1326 652 1363 4.
713 1324 1169 1363 MELANCONIDEAE.

409 1402 686 1454 Compositae‚
718 1402 930 1442 rarissime
947 1403 985 1455 *)
1017 1401 1239 1454 simplices.
1300 1400 1535 1442 Perithecia
1565 1400 1606 1440 in
1637 1404 1741 1441 stro-

274 1485 396 1530 mate,
436 1481 669 1521 substantia
708 1481 878 1533 propria
909 1481 972 1521 vel
1003 1480 1191 1521 corticali
1218 1479 1410 1528 formato,
1442 1482 1514 1519 aut
1542 1479 1584 1518 in
1615 1478 1742 1519 medi-

273 1559 392 1600 tullio
422 1559 644 1613 pycnidum
676 1559 880 1599 sterilium
901 1562 1011 1599 nata.
1056 1558 1153 1599 Asci
1175 1557 1427 1611 cylindracei
1448 1557 1511 1597 vel
1532 1557 1744 1610 elongato-

274 1638 436 1679 clavati.
498 1637 654 1690 Sporae
687 1638 806 1685 6—8,
841 1637 1053 1677 rarissime
1070 1637 1131 1689 >¹⁶⁵)
1162 1636 1364 1689 plurimae
1393 1635 1435 1674 in
1466 1635 1606 1686 qvovis
1631 1647 1742 1682 asco,

273 1716 704 1769 fusoideo-elongatae
735 1715 799 1756 vel
830 1715 1080 1769 oblongatae
1112 1714 1176 1755 vel
1206 1714 1489 1767 ellipsoideae,
1518 1716 1657 1754 rectae
1681 1711 1744 1752 vel

275 1795 505 1843 subrectae,
544 1798 733 1847 septatae
765 1794 828 1834 vel
858 1792 1080 1846 simplices,
1112 1792 1316 1846 hyalinae,
1347 1792 1559 1832 rarissime
1588 1790 1742 1838 fuscae,

275 1873 540 1927 majusculae.
572 1898 627 1903 —
657 1873 832 1914 Conidia
870 1886 978 1913 nunc
1017 1875 1218 1913 stromata
1257 1871 1459 1912 conoidea
1488 1870 1652 1923 integra
1681 1868 1743 1909 vel

275 1968 325 1995 ex
354 1956 473 2007 parte
503 1956 664 1993 tantum
693 1953 888 2006 tegentia,
921 1966 1029 1993 nunc
1059 1952 1100 1992 in
1128 1950 1424 2004 conceptaculo
1447 1948 1637 2002 simplici,
1660 1947 1743 1988 exi-

275 2046 368 2086 guo,
399 2031 638 2085 peritheciis
670 2031 933 2084 superposito
964 2030 1138 2079 inclusa,
1170 2028 1488 2082 suboblongata,
1517 2026 1743 2079 subsphae-

273 2111 417 2152 roidea
460 2110 524 2151 vel
569 2109 986 2157 lineari-lanceolata,
1038 2108 1243 2161 simplicia
1291 2107 1355 2148 vel
1391 2105 1529 2159 spurie
1566 2108 1741 2157 septata,

274 2190 441 2243 hyalina
471 2189 535 2230 vel
566 2188 732 2229 sordide
764 2187 1027 2228 luteo-fusca.

407 2312 518 2353 XXI.
568 2310 965 2353 PSEUDOVALSA
986 2311 1077 2351 Cas.
1102 2313 1142 2351 et
1162 2309 1221 2349 Dss
1238 2308 1286 2349 N.
1318 2308 1479 2349 Schem.
1498 2306 1604 2347 Sfer.
1620 2320 1657 2358 p.
1676 2307 1740 2346 32.

409 2392 618 2433 Stromata
659 2390 735 2431 sub
779 2389 1033 2443 epidermide
1073 2387 1299 2436 nascentia,
1338 2385 1589 2439 peridermio
1629 2382 1740 2431 fisso,

275 2471 368 2524 plus
406 2471 540 2510 minus
579 2468 908 2522 protuberantia,
940 2468 1147 2521 elongata,
1178 2467 1221 2506 in
1251 2466 1362 2506 sicco
1393 2463 1637 2510 subcornea,
1669 2461 1742 2501 hu-

277 2553 411 2590 mecta
441 2546 806 2597 carnoso-fibrosa,
839 2551 943 2595 atra,
973 2546 1084 2587 intus
1113 2544 1402 2586 fuscescentia.
1447 2540 1682 2583 Perithecia
1700 2539 1742 2579 in

409 2724 441 2765 *)
474 2722 714 2767 beptospora
745 2722 869 2766 ditopa
903 2725 937 2755 et
970 2719 1089 2764 C'rypt.
1118 2719 1284 2752 salicella.

408 2801 457 2844 **)
487 2803 529 2836 In
561 2801 679 2846 Orypt.
711 2801 847 2845 ἄπορα.
