1856 3177
350 228 431 268 104

293 354 428 396 forma
457 352 582 402 varia,
611 351 851 405 plerumqve
874 346 1125 389 orbicularia
1143 345 1206 387 vel
1228 343 1485 397 ellipsoidea,
1506 342 1611 383 latit.
1633 342 1755 391 0,3-

296 434 362 483 0,ss
393 445 488 472 mm.
547 430 645 472 Asci
676 416 838 478 clauati,
872 427 1063 468 deorsum
1092 425 1135 466 in
1165 422 1415 478 pedicellum
1436 420 1632 476 gracilem
1653 421 1757 459 atte-

296 509 426 559 nuati,
463 509 607 562 longit.
640 508 805 549 60—90
835 519 986 555 mmm,
1019 503 1178 545 crassit.
1212 503 1373 543 10-12
1404 513 1542 540 mmm.
1602 497 1758 550 Sporae

300 601 427 642 supra
455 587 670 628 tristichae
700 585 763 627 vel
785 583 1080 632 subdistichae,
1102 579 1532 632 fusoideo-elongatae
1552 575 1617 618 vel
1634 574 1761 615 fusoi‘

300 666 635 715 deo-baculares,
680 662 885 711 curvulae,
928 661 1060 714 primo
1098 659 1374 711 uniseptatae,
1414 654 1550 697 loculo
1589 648 1760 705 utroqve

300 744 471 799 guttulis
501 746 525 784 3
556 743 747 796 praedito
778 743 1019 794 septumqve
1048 751 1189 780 versus
1218 735 1375 785 inflato,
1407 735 1569 776 demum
1600 733 1762 785 eguttu-

299 823 424 872 latae,
468 823 782 874 1—3-septatae
822 822 863 861 et
900 819 954 860 ad
994 820 1114 871 septa
1150 829 1233 858 non
1263 813 1525 861 constrictae,
1557 810 1764 852 chlorino—

302 901 508 956 hyalinae,
549 900 693 954 longit.
726 900 890 940 20—32
922 911 1073 946 mmm,
1113 893 1273 936 crassit.
1304 894 1411 934 3-5
1443 904 1579 932 mmm.
1638 887 1766 928 Para-

302 980 453 1034 physes
481 977 858 1019 numerosissimae.

438 1068 546 1110 Hab.
605 1068 653 1108 In
693 1067 839 1108 culmis
878 1063 1247 1120 Calamayrostz'clis
1284 1059 1455 1103 vetustis
1492 1058 1543 1099 ad
1574 1055 1770 1098 Mustiala

306 1147 424 1190 initio
454 1146 607 1188 mensis
639 1145 834 1187 Octobris
869 1145 973 1185 1867
1006 1142 1277 1195 deprehensa.

440 1245 610 1278 Habitum
640 1244 786 1288 praebet
815 1242 1037 1286 peculiarem.
1097 1238 1305 1279 Perithecia,
1335 1235 1541 1281 praeprimis
1571 1244 1648 1266 cum
1671 1232 1772 1276 plura

309 1313 498 1352 confluunt,
530 1320 676 1354 corpora
702 1308 903 1352 majuscula,
934 1305 1132 1345 rotundata,
1163 1304 1353 1346 oblongata
1373 1304 1453 1341 etc„
1474 1309 1576 1343 saepe
1597 1297 1772 1341 rugulosa,

309 1381 403 1414 intus
434 1378 565 1424 pallida
593 1376 756 1411 formant.

447 1506 511 1546 13.
557 1504 601 1544 L.
624 1499 949 1556 planiuscula
969 1497 1138 1551 (Rmss.)
1161 1496 1253 1538 Ces.
1277 1499 1317 1536 et
1337 1495 1399 1535 DE
1420 1493 1468 1534 N.
1491 1492 1650 1534 Schem.
1670 1490 1774 1532 Sfer.

312 1600 352 1639 p.
386 1586 448 1626 61.

445 1659 680 1703 Perithecia
710 1671 857 1712 sparsa
887 1656 950 1697 vel
980 1654 1184 1710 gregaria,
1206 1653 1326 1706 vulgo
1347 1651 1389 1691 in
1411 1651 1538 1692 series
1560 1649 1776 1703 disposita,

312 1740 504 1795 primitus
544 1737 798 1792 epidermide
836 1738 959 1784 tecta,
1002 1733 1097 1775 dein
1127 1746 1176 1774 ea
1206 1731 1426 1772 secedente
1455 1729 1600 1778 libera,
1629 1728 1776 1781 sphae-

312 1819 690 1874 roideo-depressa,
726 1814 886 1869 papilla
923 1813 1093 1861 minuta,
1133 1809 1370 1864 applanata,
1407 1806 1653 1862 prominula,
1684 1818 1777 1858 per-

315 1902 410 1938 tusa
450 1897 667 1945 instructa,
705 1893 850 1942 nitida,
891 1890 1051 1945 glabra,
1090 1892 1194 1938 atra,
1235 1887 1340 1928 latit.
1372 1886 1539 1928 circiter
1575 1887 1641 1935 0‚3
1682 1898 1776 1931 mm.

316 1976 413 2017 Asci
444 1974 607 2024 clavati,
644 1973 789 2027 longit.
825 1970 1040 2012 105—135
1074 1981 1224 2016 mmm,
1255 1966 1415 2008 crassit.
1450 1966 1609 2006 15-18
1639 1976 1776 2002 mmm.
1808 1951 1811 1954 Α

316 2055 474 2108 Sporae
519 2051 734 2100 distichae,
778 2048 1016 2097 bacillares,
1061 2045 1250 2098 utrinqve
1295 2046 1546 2092 attenuatae,
1589 2041 1779 2095 primitus

316 2132 560 2187 guttulatae,
602 2130 697 2171 dein
735 2128 1012 2180 uniseptatae,
1043 2124 1191 2166 loculis
1222 2123 1393 2177 guttulis
1424 2123 1531 2163 2-3
1561 2118 1775 2173 praeditis,

319 2211 483 2252 demum
503 2209 835 2261 3—5·septatae,
857 2204 993 2246 medio
1016 2202 1280 2250 constrictae,
1301 2203 1441 2241 rectae
1461 2199 1526 2240 vel
1546 2198 1777 2247 subrectae,

317 2286 717 2341 chlorino-hyalinae
746 2284 810 2326 vel
841 2281 1113 2330 subluteolae,
1143 2279 1284 2333 longit.
1309 2279 1473 2320 46—58
1495 2290 1645 2325 mmm„
1667 2287 1778 2317 cras-

318 2368 382 2408 sit.
416 2367 521 2407 7—9
552 2379 689 2406 mmm.
748 2362 1010 2416 Paraphyses
1040 2358 1230 2414 graciles.

451 2465 534 2509 Syn.
593 2461 771 2506 Sphaeria
792 2457 1024 2504 planiztscula
1052 2457 1159 2491 Rmss
1188 2455 1224 2489 in
1253 2454 1379 2488 HEDW.
1410 2454 1438 2495 Ι,
1469 2456 1494 2486 t.
1526 2452 1589 2493 IV,
1621 2451 1644 2484 s.
1678 2448 1712 2483 7.

451 2554 588 2589 Exsiee.
647 2552 737 2586 ΗΑΒ.
757 2551 877 2585 -Herb-
909 2558 997 2593 myc.
1029 2547 1083 2581 ed.
1114 2546 1143 2587 Ι,
1185 2540 1287 2578 1829
1329 2547 1365 2577 et
1401 2543 1512 2586 Fung.
1545 2552 1617 2575 eur.
1647 2541 1700 2575 ed.
1732 2539 1778 2582 H,

322 2620 412 2657 946.
473 2622 608 2656 KARST.
640 2620 751 2662 Fung.
783 2618 893 2651 Fenn.
927 2611 1018 2649 900.

453 2704 562 2746 Hab.
620 2702 667 2743 In
699 2694 887 2743 caulibus
917 2696 1115 2740 emortuis
1135 2694 1388 2750 Solidayim‘s
1417 2692 1667 2748 Virqaureae
1687 2701 1781 2731 vere

322 2783 458 2825 rarius
489 2781 622 2823 obvia.
