1856 3177
386 223 464 262 144

465 350 527 390 15.
580 352 622 389 V.
647 350 959 391 massariana
990 351 1051 390 DE
1072 351 1120 392 N,
1144 351 1247 393 Sfer.
1269 353 1355 394 ital.
1379 368 1418 407 p.
1442 355 1509 404 34,
1531 358 1558 395 t.
1581 355 1788 398 XXXVII.

462 428 482 451 *
515 427 563 468 V.
596 429 894 481 excipienda
923 429 1066 469 KAsssr.

461 506 625 547 Stroma
651 508 1065 558 conice-truncatum,
1088 523 1163 561 per
1181 510 1478 562 peridermium
1497 511 1639 553 fissum
1660 526 1793 554 erum-

324 598 442 637 pens,
484 585 578 638 plus
615 586 748 626 minus
784 586 1073 639 protuberans,
1106 587 1220 630 disco
1249 590 1472 632 rotundato
1503 591 1566 633 vel
1597 592 1794 646 subellip-

324 663 482 713 soideo,
513 677 534 704 e
565 664 731 705 sordide
762 664 902 706 albido
934 665 1097 707 cinereo
1129 666 1190 707 vel
1222 667 1380 709 demum
1410 668 1680 720 fuscescente,
1703 671 1792 724 pul-

325 742 550 783 verulento.
617 742 969 795 Conceptaculum
1008 744 1258 796 peridermio
1297 746 1505 797 adnatum,
1545 748 1790 799 orbiculare,

325 819 580 872 depressum,
616 825 762 869 atrum,
793 821 896 861 latit.
920 821 1087 863 circiter
1108 824 1131 862 3
1154 837 1250 862 mm.
1299 823 1532 866 Perithecia
1553 828 1673 876 2-6,
1695 841 1790 869 raro

323 897 446 951 plura
475 898 518 938 in
546 898 707 952 singulo
734 903 946 949 stromate,
970 901 1257 952 sphaeroidea,
1280 901 1553 953 lenticularia,
1577 905 1789 954 conoidea,

324 980 468 1017 mutua
496 977 710 1029 pressione
742 978 951 1031 angulata,
984 982 1087 1028 atra,
1120 978 1237 1020 collis
1270 981 1555 1022 crassiusculis
1577 983 1789 1035 productis

323 1054 567 1107 ostiolisqve
597 1055 1022 1106 tuberculifoimibus,
1055 1057 1353 1110 sphaeroideiS,
1385 1059 1478 1111 plus
1499 1061 1632 1101 minus
1655 1075 1791 1102 exser-

323 1133 389 1183 tis,
431 1134 741 1187 marginalibus,
783 1135 985 1185 discretis,
1026 1150 1128 1189 poro
1168 1137 1379 1179 hiantibus
1419 1139 1634 1180 instructa.
1693 1140 1790 1182 Asci

321 1211 729 1266 fusoideo-elongati,
762 1213 904 1266 longit.
937 1215 1101 1256 50-60
1132 1230 1282 1265 mmm„
1310 1216 1470 1257 crassit.
1494 1218 1628 1258 9-12
1652 1233 1787 1258 mmm.

321 1290 482 1342 Sporae
505 1294 691 1339 octonae,
711 1291 912 1332 distichae
935 1293 998 1332 vel
1018 1293 1308 1346 conglobatae,
1330 1295 1789 1350 fusoideo-oblongatae

321 1368 386 1409 vel
429 1368 872 1423 fusoideo-elongatae,
918 1374 1055 1412 rectae
1100 1372 1163 1413 vel
1208 1373 1412 1422 curvulae,
1454 1374 1596 1428 longit.
1639 1377 1786 1425 9—12,

321 1460 438 1488 raro·
468 1449 521 1487 24
551 1462 702 1497 mmm„
732 1449 892 1489 crassit.
915 1450 1025 1490 3—4
1056 1465 1192 1490 mmm.
1215 1475 1268 1481 —-
1291 1452 1589 1506 Sperinogonia
1611 1453 1788 1495 multilo-

320 1525 493 1575 cularia,
538 1540 646 1566 nunc
700 1531 886 1567 centrum
931 1528 1142 1569 stromatis
1186 1530 1479 1584 perithecigeri
1525 1533 1785 1585 occupantia,

319 1617 428 1644 nunc
469 1605 509 1644 in
550 1608 748 1646 stromate
785 1605 954 1658 proprio
996 1606 1213 1656 collocata,
1253 1621 1356 1660 poro
1389 1609 1562 1650 centrali
1592 1611 1712 1651 unico
1743 1612 1785 1651 in

318 1682 435 1723 disco
484 1683 731 1735 pulver-aceo
788 1684 1002 1725 instructa.
1084 1685 1317 1738 Spermatia
1368 1687 1782 1743 fusoideo-elongata,

318 1765 434 1802 recta
464 1762 527 1802 vel
558 1761 766 1811 subrecta,
798 1763 941 1816 longit.
975 1766 1082 1804 5-8
1114 1779 1264 1813 mmm„
1297 1766 1455 1806 crassit.
1494 1769 1508 1806 1
1545 1781 1679 1807 mmm.

451 1848 533 1891 Syn.
603 1846 713 1881 Volso
745 1848 858 1881 cincta
889 1849 1023 1883 KARST.
1057 1850 1167 1893 Fung.
1200 1851 1308 1884 Fcnn.

450 1926 586 1959 Exsicc.
648 1926 782 1960 KARsr.
815 1927 925 1970 Fung.
959 1928 1068 1961 Fenu.
1104 1926 1193 1962 356.

450 2004 564 2037 Form.
596 2015 769 2047 spermog.
831 2005 966 2039 KARsr.
999 2006 1110 2049 Fung.
1142 2007 1252 2040 Fenn.
1288 2004 1376 2041 357.

450 2074 557 2115 Hab.
616 2075 661 2115 In
702 2076 828 2117 ramis
864 2075 988 2118 Sorbi
1024 2080 1279 2133 aucupariae
1319 2092 1395 2131 per
1422 2082 1553 2120 totam
1584 2079 1780 2122 Fenniam

315 2156 357 2193 et
386 2153 646 2205 Lapponiam
677 2158 742 2195 sat
771 2154 974 2207 freqvens.

448 2239 575 2273 Forma
605 2241 702 2284 qvasi
734 2242 849 2275 media
878 2242 971 2275 inter
1000 2240 1040 2274 V.
1062 2243 1331 2276 massam-ianam
1362 2246 1397 2277 et
1418 2248 1631 2288 seqventem,
1655 2247 1697 2279 ab
1719 2246 1779 2279 illa

312 2307 428 2350 spor-is
466 2307 670 2349 minoribus,
712 2309 754 2341 ab
784 2308 847 2342 hac
878 2310 1105 2343 stromatibus
1135 2310 1334 2354 majoribus,
1366 2312 1500 2345 ostiolis
1530 2313 1777 2356 marginalibus

313 2373 516 2416 majoribus,
559 2375 813 2418 spermogoniis
850 2378 1008 2408 centrum
1042 2378 1220 2410 stromatis
1250 2377 1493 2421 perithecigeri
1524 2384 1561 2412 ut
1591 2380 1776 2424 plurimum

312 2441 577 2484 occupantibus,
609 2445 645 2474 et
672 2442 869 2485 spermatiis
899 2443 1114 2486 longioribus
1145 2444 1318 2477 differens.

451 2557 513 2596 16.
574 2556 620 2597 V.
654 2556 965 2598 leucostoma
1008 2558 1166 2611 (Pizus.)
1207 2558 1275 2598 Fa.
1309 2559 1461 2600 Summ.
1495 2560 1594 2614 Veg.
1624 2561 1772 2602 Scand.

312 2646 352 2684 p.
385 2635 477 2673 411.

447 2711 610 2752 Stroma
639 2712 1051 2763 conice-truncatum,
1082 2727 1313 2767 eruinpenS‚
1346 2715 1438 2767 plus
1469 2716 1602 2757 minus
1631 2720 1771 2769 protu-

310 2785 476 2838 berans,
524 2789 638 2831 disco
683 2791 905 2832 rotundato
950 2792 1013 2833 vel
1058 2792 1394 2846 subellipsoideo,
1443 2793 1771 2847 niveo-pulveru-
