1856 3177
366 224 444 264 164

306 350 371 391 sit.
403 350 510 391 5-6
541 363 677 389 mmm.
737 349 998 402 Paraphyses
1028 349 1296 403 gracillimae‚
1328 350 1622 399 coalescentes,
1645 365 1767 406 aegre

305 430 564 483 perspicuae.

438 527 521 571 Syn.
581 525 758 569 Sphaeria
788 525 895 557 ovina
924 525 1029 558 PERS.
1062 521 1144 568 Syn.
1176 525 1287 568 Fung.
1310 536 1344 568 p.
1367 523 1428 558 71.
1478 527 1539 559 Fu.
1564 523 1656 570 Syst.
1678 538 1766 570 myc.

307 594 354 635 11,
387 605 421 638 p.
454 591 546 627 446.
597 593 707 626 CURR.
739 592 774 625 in
804 592 926 625 Trans.
958 592 1063 625 an.
1092 591 1169 625 Soc.
1202 593 1270 625 vol.
1302 593 1419 632 XXII,
1451 604 1484 636 p.
1519 591 1609 626 316.
1653 594 1766 627 Ooox.

306 661 396 694 Brit.
430 661 540 703 Fung.
573 660 619 698 11,
650 671 685 702 p.
709 655 799 692 856.
850 657 1076 701 Leptospora
1104 657 1209 690 ovina
1230 659 1340 692 FUCK.
1364 655 1482 702 Symb.
1505 671 1593 704 myc.
1616 671 1649 703 p.
1678 658 1767 693 143.

440 751 575 784 Exsicc.
634 750 769 783 KARs'r.
800 749 911 791 Fung.
943 748 1053 782 Fenn.
1087 744 1178 782 352.

440 844 547 885 Hab.
608 844 654 883 ln
698 843 809 896 ligno
853 842 1020 895 putrido
1064 856 1139 895 per
1182 845 1313 882 totam
1352 842 1561 895 regionem
1600 844 1768 896 passim,

309 927 480 972 aestate,
512 926 721 963 autumno.

443 1070 479 1109 6.
539 1068 584 1107 L.
616 1066 925 1119 spermoides
956 1065 1147 1117 (Hom.)
1179 1066 1270 1105 Cas.
1303 1069 1345 1105 et
1375 1066 1435 1105 DE
1466 1066 1511 1106 N.
1544 1066 1570 1106 1.
1602 1080 1638 1107 c.

441 1156 675 1198 Perithecia
700 1155 854 1208 stipata
875 1155 937 1195 vel
959 1155 1475 1204 mustaceo-cohaerentia,
1498 1156 1772 1208 sphaeroides.

308 1237 372 1278 vel
408 1236 601 1277 deorsum
631 1234 937 1280 subattenuata,
969 1232 1114 1286 rigida,
1148 1246 1292 1285 opaca,
1326 1232 1534 1273 subtiliter
1561 1233 1769 1287 rugulosu,

310 1320 413 1364 atra,
455 1313 606 1355 ostiolo
636 1311 919 1364 papillifornii,
961 1310 1162 1351 obsoleto.
1223 1310 1321 1351 Asci
1359 1311 1480 1364 longe
1518 1312 1770 1364 pedicellati,

310 1390 837 1446 cylindraceo-subclavati,
870 1389 1011 1442 longit.
1040 1391 1116 1429 140
1138 1403 1288 1438 mmm,
1321 1389 1481 1430 crassit.
1504 1391 1611 1430 8——9
1634 1404 1768 1429 mmm.

310 1473 468 1524 Sporae
507 1473 637 1518 ὃῑηῑιθ,
676 1468 899 1509 bacillares
938 1482 1010 1508 seu
1047 1467 1346 1520 cylindraceae,
1387 1468 1678 1509 vermiculares
1710 1469 1772 1508 vel

309 1550 540 1598 subrectae,
580 1548 811 1602 guttulatae
853 1546 914 1587 vel
957 1547 1095 1598 spurie
1139 1546 1319 1586 tenuiter
1360 1547 1633 1598 uniseptatae,
1673 1547 1772 1600 hya-

307 1630 430 1677 linae,
461 1628 603 1681 longit.
637 1628 800 1667 20—30
833 1640 981 1673 mmm„
1013 1625 1174 1665 crassit.
1206 1627 1313 1665 4-6
1345 1639 1482 1664 mmm.

442 1723 524 1769 Syn.
574 1724 754 1768 Sphaeria
782 1722 996 1766 spermoz'des
1016 1722 1157 1755 HOFFM.
1181 1722 1268 1764 Veg.
1294 1727 1404 1764 crypt.
1428 1722 1473 1761 II,
1496 1733 1528 1765 p.
1559 1719 1616 1754 12.
1663 1723 1767 1755 PERS.

309 1791 392 1838 Syn.
422 1794 533 1836 Fung.
565 1804 598 1836 p.
633 1788 696 1824 75.
757 1791 866 1824 CURR.
900 1791 934 1822 in
961 1790 1082 1823 Trans.
1115 1790 1218 1822 LiNN.
1253 1786 1329 1821 Soc.
1366 1790 1430 1821 vol.
1464 1790 1581 1827 XXII,
1612 1801 1645 1832 p.
1679 1788 1768 1826 318,

308 1866 333 1894 t.
356 1861 467 1901 LVII,
492 1860 514 1892 f.
540 1857 602 1892 36.
654 1858 765 1892 COOK.
788 1857 876 1890 Brit.
900 1857 1010 1899 Fuug.
1034 1857 1079 1896 II,
1102 1868 1135 1899 p.
1161 1853 1250 1889 861.
1303 1855 1527 1898 Leptospora
1558 1856 1770 1899 spermoides

308 1929 416 1961 FUCK.
449 1928 566 1971 Symb.
600 1936 686 1969 myc.
719 1936 752 1968 p.
788 1921 875 1956 143.

443 2021 547 2061 Hab.
610 2019 674 2059 Ad
711 2022 878 2058 truncos
919 2021 1202 2069 putrescentes
1239 2017 1279 2055 in
1319 2016 1473 2056 Fennia
1510 2016 1769 2056 meridionali

307 2100 532 2141 rarissima.

440 2212 460 2234 ³⁸
492 2210 534 2248 L.
567 2208 771 2249 sorbina
801 2207 932 2257 (Nu.)
962 2206 1103 2245 KAnsr.

442 2300 487 2339 L.
520 2299 741 2353 spermoicli
769 2297 961 2347 (HOFFM.)
984 2295 1141 2342 similis,
1165 2295 1236 2334 sed
1259 2294 1393 2346 sporis
1415 2294 1640 2346 majoribus
1662 2295 1766 2347 (lon-

310 2379 380 2432 git.
414 2379 575 2417 32—48
607 2390 757 2424 mmm„
798 2374 957 2415 crassit.
993 2375 1096 2413 7—-9
1130 2373 1298 2424 mmm),
1340 2372 1609 2425 simplicibus,
1646 2386 1766 2425 para-

308 2455 508 2509 physibus
539 2458 603 2494 sat
632 2452 840 2500 confertis,
872 2451 1037 2492 teneris.

444 2547 526 2594 Syn.
587 2548 765 2592 Sphaeria
794 2548 939 2581 sorbina
968 2548 1056 2581 NYL.
1089 2548 1124 2580 in
1156 2547 1258 2579 Flora
1293 2544 1405 2586 1863,
1437 2558 1470 2590 p.
1505 2543 1581 2580 322
1614 2552 1649 2579 et
1679 2547 1763 2580 Obs.

309 2618 388 2650 Pez.
420 2617 513 2650 fenn.
546 2628 579 2659 p.
614 2613 676 2649 92.

442 2698 548 2738 Hab.
609 2697 672 2737 Ad
710 2710 847 2736 ramos
886 2696 1007 2736 Sorbi
1040 2697 1294 2749 aucuparz‘ae
1331 2708 1460 2746 prope
1490 2694 1762 2748 Helsingfors,

309 2789 413 2824 vere,
446 2777 521 2815 sub
553 2775 804 2826 epidermide
835 2778 875 2814 et
906 2774 1015 2813 circa
1043 2777 1198 2813 stroma
1226 2773 1374 2812 Valsae
1407 2772 1528 2812 Sorbi
1557 2771 1760 2812 diffusum.
