1856 3177
1393 225 1470 265 153

54 355 249 385 verrucae
270 344 413 394 forme,
438 346 789 400 grandiusculum,
813 362 1012 400 crassum,
1034 349 1311 392 fusco-atrum
1330 352 1395 393 vel
1416 355 1526 394 atro·

53 421 345 477 ferrugineum,
379 424 473 465 dein
504 429 653 476 atrum,
684 427 795 469 intus
817 428 1016 480 albidum,
1040 429 1277 480 discretum,
1302 434 1524 472 connatum

52 501 116 542 vel
142 502 185 542 in
215 506 396 545 crustam
426 504 700 558 inaeqvalem,
731 521 940 561 rugosam,
964 522 1148 550 crassam
1170 508 1396 560 confluens,
1419 510 1524 551 latit.

55 582 71 619 1
99 594 193 620 mm.
225 605 278 611 —-
310 582 334 621 2
366 595 442 623 cm.
494 583 732 626 Perithecia
767 588 900 628 1—50
930 587 972 628 in
1005 587 1146 640 qvovis
1171 591 1385 639 stromate,
1409 589 1524 631 disti-

52 658 129 700 cha
158 659 222 700 vel
252 651 528 712 monosticha,
566 663 693 705 dense
725 664 891 718 stipata,
926 665 1100 707 ovoidea
1129 666 1193 708 vel
1228 666 1524 721 subsphaeroi-

51 737 139 788 dea,
170 738 384 793 fuliginea,
417 741 578 783 ostiolis
609 743 857 796 prominulis
888 744 951 786 vel
975 745 1216 795 latentibus,
1240 745 1390 788 obtuse
1411 747 1524 788 coni·

50 818 122 867 cis,
153 818 326 873 integris
356 820 421 862 vel
443 821 900 866 subradiato·stellatis.
952 826 1049 866 Asci
1072 825 1523 880 cylindraceo-clavati,

48 897 170 952 longe
198 899 453 952 pedicellati,
484 900 628 956 longit.
664 904 884 945 100—200
905 919 1056 955 mmm,
1080 907 1136 959 (p.
1160 906 1336 960 sporif.),
1360 907 1521 948 crassit.

48 978 184 1018 8—13
224 992 362 1019 mmm.
424 978 583 1032 Sporae
623 982 816 1023 curvulae
858 983 921 1024 vel
961 984 1195 1036 subrectae,
1229 985 1357 1027 dilute
1388 986 1522 1028 fusce-

47 1060 223 1107 scentes,
255 1057 399 1112 longit.
432 1061 540 1101 5—8
572 1075 724 1110 mmm„
757 1062 919 1103 crassit.
953 1065 1058 1105 1-2
1091 1078 1228 1105 mmm.

180 1155 262 1199 Syn.
324 1154 502 1199 Sphaeria
532 1159 827 1203 verrucaeformis
846 1160 961 1193 EHRH.
985 1161 1020 1194 in
1041 1162 1158 1195 Plant.
1183 1167 1294 1207 crypt.
1318 1174 1389 1197 exs.
1412 1165 1519 1199 PERS.

46 1222 127 1266 Syn.
161 1222 271 1266 Fung.
302 1234 336 1266 p.
371 1219 433 1257 26.
494 1224 556 1258 Fn.
590 1225 681 1269 Syst.
713 1237 802 1270 myc.
834 1227 880 1268 II,
911 1239 945 1272 p.
981 1225 1071 1262 355.
1123 1227 1302 1272 Sphaeria
1324 1229 1522 1265 Avellanae

44 1290 151 1323 PERS.
185 1290 281 1334 Disp.
314 1291 421 1324 meth.
451 1292 562 1335 Fung.
593 1304 626 1337 p.
662 1289 696 1326 2.
757 1293 939 1338 Diatrgspc
968 1297 1262 1341 verrucaesormis
1293 1298 1354 1332 ΕΒ.
1388 1299 1519 1333 Summ-

45 1357 133 1400 Veg.
166 1357 292 1391 Scand.
324 1369 358 1402 p.
393 1355 483 1393 385.
545 1359 657 1394 OOOK.
690 1361 780 1394 Brit.
810 1362 922 1406 Fung.
955 1363 1001 1403 11,
1031 1375 1065 1407 p.
1102 1361 1193 1397 811.

178 1449 312 1482 Exsicc.
371 1449 432 1482 FR.
468 1450 574 1484 Scler.
605 1450 704 1485 Svec.
740 1449 803 1485 74.
854 1452 990 1487 KARs’r.
1023 1453 1135 1497 Fung.
1158 1454 1269 1488 Fenn.
1296 1452 1339 1488 21
1369 1460 1404 1490 et
1426 1454 1516 1491 862.

176 1542 284 1584 Hab.
336 1544 400 1585 Ad
432 1545 628 1586 corticem
659 1550 900 1588 truncorum
921 1563 1211 1602 ramorumqve
1236 1549 1380 1602 Coryli
1398 1553 1522 1594 Avel-

45 1622 168 1664 lanae
198 1625 240 1664 et
269 1622 370 1664 Alm:
398 1625 573 1666 incanae
603 1624 646 1665 in
677 1625 834 1667 Fennia
864 1628 1128 1669 meridionali
1157 1630 1327 1682 passim.

178 1758 199 1781 *
229 1757 278 1798 D.
311 1758 614 1800 tocciaeana
646 1759 706 1800 DE
738 1760 785 1802 N.
820 1761 924 1803 Sfer.
956 1762 1043 1803 ital.
1076 1777 1115 1816 p.
1149 1765 1214 1814 30,
1247 1768 1274 1805 t.
1308 1765 1461 1806 XXXI.

178 1848 344 1890 Stroma
387 1849 738 1904 perithecigerum
784 1865 1018 1905 erumpens,
1060 1853 1518 1909 subhemisphaericum

43 1928 107 1969 vel
138 1928 285 1970 obtuse
318 1928 520 1979 conicum,
552 1930 705 1971 vertice
737 1932 1058 1974 convexiusculo
1083 1933 1344 1976 fuscesceute
1365 1935 1429 1977 vel
1450 1935 1522 1978 de-

43 2021 155 2047 mum
192 2007 439 2061 nigricante,
480 2008 630 2062 exiguo
671 2009 836 2050 demum
869 2010 1135 2063 denudatum,
1169 2016 1380 2055 caeterum
1409 2015 1519 2068 peri-

45 2085 202 2127 dermio
240 2086 307 2127 vix
337 2085 435 2128 fisso
466 2087 699 2129 arctissime
729 2091 897 2139 tectum,
929 2089 1034 2131 latit.
1070 2093 1217 2141 1—2,5
1250 2107 1344 2133 mm.
1405 2093 1519 2136 Peri-

41 2164 181 2206 thecia
220 2164 572 2216 submonosticha,
611 2166 981 2220 subsphaeroidea,
1013 2169 1304 2224 fuscescentia,
1336 2173 1445 2214 3—ss
1476 2173 1518 2214 in

44 2244 205 2299 singulo
252 2248 462 2296 stromate,
510 2246 628 2288 collis
673 2247 942 2298 brevissimis,
989 2249 1150 2291 ostiolis
1189 2250 1416 2293 latentibus
1455 2253 1519 2295 vel

42 2336 190 2377 parum
220 2323 479 2377 prominulis,
510 2326 926 2376 rotundato-conicis‚
957 2328 1130 2383 integris
1161 2330 1225 2371 vel
1255 2330 1518 2373 subradiato·

45 2402 235 2451 stellatis,
279 2403 486 2445 interdum
525 2405 702 2459 cupulae
742 2405 957 2448 formibus.
1018 2409 1116 2449 Asci
1146 2413 1322 2464 anguste
1353 2410 1516 2461 clavati,

43 2481 187 2536 longit.
222 2483 441 2524 100—150
470 2498 608 2525 mmm.
632 2486 689 2538 (p.
713 2485 890 2539 sporif.),
913 2486 1074 2528 crassit.
1101 2489 1150 2528 12
1174 2503 1310 2529 mmm.
1358 2488 1517 2542 Sporae

43 2560 189 2602 leviter
219 2562 424 2612 curvulae,
455 2563 566 2618 long.
600 2565 708 2606 5-8
740 2580 892 2615 mmm„
925 2566 1087 2607 crassit.
1124 2569 1271 2616 1,5—2
1303 2582 1441 2609 mmm.
1463 2592 1516 2599 —

44 2640 239 2694 „Stroma
287 2641 560 2683 conidiferum
607 2643 744 2685 forma
792 2644 1032 2698 plerumqve
1073 2645 1306 2700 irregulari,
1353 2647 1517 2689 conico-

46 2719 300 2772 depressum,
331 2720 443 2761 varie
474 2722 690 2773 sulcatum,
724 2723 853 2765 dilute
885 2728 1089 2774 auratum,
1123 2725 1272 2777 deinde
1294 2725 1516 2780 nigricans.

46 2797 222 2840 Conidia
258 2798 671 2854 lineari-cylindrica,
711 2801 934 2852 filiformia,
968 2807 1150 2854 curvat-a,
1182 2806 1347 2846 28—32
1377 2819 1515 2847 mmm.
