1856 3177
1390 225 1466 264 127

449 348 660 388 XXXVII.
720 349 1029 390 HYPOSPILA
1061 349 1131 389 Fr..

188 456 220 492 1.
282 452 333 493 Η.
366 450 570 505 pustula
601 450 758 503 (Pssns.)
790 450 934 491 KAnsr.

182 541 418 584 Perithecia
448 541 764 594 parenchymati
794 541 883 582 folii
913 541 1120 591 immersa,
1143 543 1335 596 utrinqve
1363 544 1527 597 epider-

49 622 157 663 mide
196 621 389 662 bullatim
428 619 572 660 inflata
615 624 655 660 et
693 619 935 672 plerumqve
973 621 1111 662 colore
1148 621 1527 664 rufescente-fusco

46 700 177 741 tincta
206 703 330 749 tecta,
362 712 521 752 sparsa,
553 698 688 739 rarius
721 700 829 738 2-3
861 699 1126 749 confluentia,
1157 701 1395 750 tenerrima,
1429 701 1525 742 sub-

46 779 292 828 incolorata,
335 777 844 831 depresso-sphaeroidea‚
886 778 1038 829 „latere
1075 780 1117 819 in
1148 784 1328 821 rostrum
1359 780 1524 835 nigrum

45 857 226 899 breviter
248 856 493 898 conoideum
516 857 766 906 acuminata,
783 860 919 898 rostro
938 857 1019 906 diu,
1038 858 1090 899 ad
1113 872 1332 911 sporarurn
1352 859 1525 899 maturi-

46 939 176 978 tatem
214 950 354 989 usqve,
397 936 653 989 epidermide
683 939 806 985 tecto,
840 940 881 977 et
908 950 990 978 non
1021 937 1101 978 nisi
1133 951 1225 979 sero
1258 952 1349 979 eam
1379 938 1525 992 puncti

45 1015 152 1069 nigri
183 1015 316 1056 instar
345 1013 577 1056 lateraliter
606 1015 889 1067 perforante&
919 1015 1023 1056 lalit.
1054 1017 1247 1065 0‚2-O,3
1280 1031 1372 1057 mm.
1426 1016 1525 1058 Asci

44 1094 420 1143 fusoideo-clavati‚
461 1095 503 1134 in
543 1094 793 1147 pedicellum
821 1095 1109 1135 tenuissimum
1143 1095 1347 1136 attenuati
1376 1095 1522 1148 longit.

49 1175 241 1214 75—100
263 1188 414 1222 mmm,
439 1173 598 1214 crassit.
620 1175 756 1214 7—10
779 1188 914 1213 mmm.
967 1173 1126 1226 Sporae
1149 1176 1280 1224 Sznae,
1305 1174 1522 1224 distichae,

43 1252 491 1306 fusoideo-elongatae‚
525 1252 744 1293 subrectae
777 1252 839 1293 vel
869 1253 1011 1305 paullo
1038 1253 1416 1306 inaeqvilaterales⁷
1440 1268 1524 1295 me-

47 1332 115 1372 dio
153 1331 428 1384 uffiseptatae,
462 1331 516 1371 ad
544 1334 664 1383 septa
695 1344 777 1372 non
809 1332 1072 1381 constrictae,
1106 1332 1523 1387 chlorino-hyalinae‚

44 1411 188 1465 longit.
224 1411 386 1451 18—19
418 1424 571 1459 mmm„
604 1410 765 1450 crassit.
798 1412 823 1450 4
854 1424 992 1451 mmm.

179 1509 261 1553 Syn.
321 1506 499 1551 Sphaeria
522 1506 673 1550 pustula
703 1507 809 1541 PERs.
846 1507 929 1552 Syn.
959 1507 1071 1551 Fung.
1104 1519 1137 1552 p.
1164 1505 1226 1542 91.
1284 1507 1425 1542 Phoma
1448 1520 1524 1552 pu-

44 1576 137 1609 stula
167 1576 223 1609 Fr.
253 1575 344 1620 Syst.
368 1586 456 1619 myc.
479 1575 525 1615 II,
547 1586 581 1618 p.
606 1569 683 1608 547
704 1577 740 1608 et
760 1574 891 1608 summ.
914 1575 1003 1618 Veg.
1027 1575 1154 1609 Scand.
1178 1587 1211 1619 p.
1237 1572 1329 1609 421.
1380 1575 1523 1610 Isothea

38 1643 188 1687 pustula
217 1644 329 1677 BERK.
352 1642 446 1676 Outl.
469 1642 558 1676 Brit.
580 1642 691 1685 Fung.
713 1653 746 1686 p.
772 1638 863 1676 392.
916 1642 1028 1676 GOOK.
1050 1643 1140 1676 Brit.
1163 1643 1276 1686 Fung.
1298 1644 1345 1685 ΙΙ,
1366 1654 1401 1688 p.
1427 1641 1519 1678 931.

45 1710 224 1755 Sphaeria
261 1710 425 1754 oleipara
465 1709 598 1744 SOLLM.
631 1710 666 1743 in
697 1709 822 1743 Hssnw.
855 1710 900 1751 V,
931 1721 964 1754 p.
1000 1707 1063 1744 65.
1133 1709 1337 1744 Gnomonia
1369 1711 1522 1755 pustula

44 1780 210 1812 Armasw.
242 1778 323 1822 Syn.
354 1777 435 1821 Pyr.
470 1788 541 1810 eur.
575 1789 609 1821 p.
644 1773 707 1818 21,
738 1777 760 1810 f.
798 1775 886 1810 117.

179 1868 315 1902 Exsicc.
367 1868 456 1901 ΗΑΒ.
480 1867 589 1901 Herb.
613 1879 702 1913 myc.
722 1868 776 1902 ed.
795 1868 822 1910 Ι,
844 1865 960 1901 1746.
1012 1869 1148 1902 KARST.
1166 1869 1278 1912 Fung.
1296 1869 1408 1902 Fenn.
1429 1866 1520 1903 946.

180 1951 285 1993 Hab.
347 1951 410 1992 Ad
441 1950 542 1992 folia
573 1951 734 2004 dejecta
768 1951 949 1999 Qvercus
979 1952 1021 1992 in
1052 1952 1210 1993 Fennia
1231 1952 1405 1993 australi
1427 1966 1522 1994 vere

48 2034 88 2072 et
119 2033 277 2072 aestate
307 2030 419 2071 haud
449 2043 556 2070 rara.

506 2199 682 2238 Subfam.
717 2200 750 2237 7.
810 2198 1060 2238 VALSEAE.

467 2310 697 2352 XXXVIII.
758 2310 975 2351 EUTYPA
1005 2311 1099 2351 Tur.

185 2404 219 2441 1.
280 2401 385 2442 Eut.
417 2402 695 2455 polycocca
727 2401 836 2454 (Fu.)
868 2400 1011 2441 KARST.

184 2491 348 2532 Stroma
377 2491 500 2545 longe
530 2492 692 2543 lateqve
725 2489 912 2539 effusum,
936 2503 1060 2543 saepe
1082 2504 1220 2531 ramos
1244 2491 1524 2533 decorticatos

51 2571 251 2620 ambiens,
288 2571 399 2624 ligno
430 2571 541 2611 haud
572 2571 635 2611 vel
665 2584 812 2622 parum
845 2570 1003 2610 elevato
1036 2569 1222 2610 innatum
1254 2571 1422 2623 ejusqve
1455 2585 1523 2611 su-

48 2648 260 2703 perficiem
292 2649 518 2702 aeqvalem,
549 2649 720 2699 laevem,
754 2648 893 2689 colore
915 2661 965 2688 ex
986 2648 1102 2689 fusco
1125 2648 1187 2689 vel
1209 2648 1374 2690 cinereo
1396 2649 1523 2703 nigri-

52 2731 172 2768 cante
216 2728 390 2780 tingens.
448 2727 685 2768 Perithecia
729 2727 1002 2776 monosticha,
1049 2727 1160 2780 ligno
1207 2727 1317 2767 haud
1361 2731 1523 2769 mutato

53 2806 218 2847 omnino
257 2807 463 2856 immersa,
502 2807 870 2860 subsphaeroidea,
903 2806 1006 2846 latit.
1040 2807 1104 2855 0‚5
1138 2821 1246 2856 mm,
1279 2806 1398 2848 collis
1428 2807 1524 2848 bre-
