1856 3177
348 228 400 268 20

291 354 382 404 dea,
428 354 572 405 laevia,
617 355 754 408 pilosa
792 355 857 396 vel
895 361 1369 412 verrucoso-corrogat-a,
1409 373 1516 401 nunc
1555 361 1597 401 in
1637 375 1755 404 soros

290 431 547 473 orbiculares
578 432 641 474 vel
671 432 810 474 ovales
842 432 1046 487 disposita
1074 449 1183 477 nunc
1215 436 1453 490 singularia.
1504 438 1623 480 Colla
1647 440 1755 492 peri-

288 510 519 551 theciorurn
553 511 595 550 in
624 510 832 564 plerisqve
861 511 955 564 plus
986 513 1119 554 minus
1151 514 1357 568 elongata,
1388 515 1469 557 imo
1499 516 1754 575 longissima,

290 588 614 644 decumbentia„
653 589 749 630 Asci
791 589 942 631 clavati
986 591 1050 632 vel
1094 592 1438 647 subcylindracei‚
1485 595 1652 636 sessiles
1691 596 1755 636 vel

288 667 540 720 pedicellati.
587 667 744 720 Sporae
766 669 898 717 Sznae,
921 669 1203 712 subdistichae
1224 671 1289 712 vel
1310 672 1606 722 monostichae,
1628 673 1755 715 fusoi-

288 745 606 800 deo-elongatae
636 745 700 787 vel
730 746 1093 800 subellipsoideae,
1123 749 1345 802 simplices,
1373 751 1578 804 hyalinae.
1629 752 1755 794 Para—

288 824 439 877 physes
469 824 749 878 longissimae,
782 838 961 875 crassae,
992 826 1253 877 tenerrimae,
1284 828 1555 880 persistentes
1576 830 1640 871 vel
1660 842 1755 872 mox

289 901 537 943 diffluentes.
578 927 632 933 —
672 902 837 944 Stroma
885 904 1158 946 conidiferum
1207 906 1753 959 cylindraceo-conoideum,

288 979 511 1033 pyriforme
551 981 614 1021 vel
648 980 999 1032 tuberculiforme‚
1039 996 1091 1024 ex
1127 983 1245 1024 fusco
1277 984 1340 1025 vel
1375 998 1499 1026 aureo
1531 986 1752 1040 nigricans,

287 1058 526 1111 plerumqve
553 1059 756 1113 gregatim
777 1061 991 1101 sociatum.
1044 1061 1219 1103 Conidia
1240 1062 1516 1116 cylindracea,
1539 1065 1755 1118 spermati-

288 1137 449 1187 formia‚
481 1138 720 1179 exilissima.

420 1224 535 1267 Fungi
564 1225 700 1265 minuti,
730 1225 860 1258 trunci-
891 1226 946 1258 vel
973 1225 1168 1260 ramicolae.

422 1354 598 1393 Subfam.
630 1355 668 1393 9.
727 1355 1005 1394 BERTIEAE.

420 1430 638 1484 Simplices
679 1431 742 1472 vel
773 1432 1041 1484 compositae.
1100 1432 1336 1474 Perithecia
1367 1433 1574 1484 ostiolata,
1607 1434 1752 1475 carbo·

288 1522 419 1550 nacea
445 1509 508 1551 vel
540 1509 742 1550 coriacea.
803 1509 961 1562 Sporae
991 1509 1206 1552 filiformes
1236 1511 1300 1552 vel
1329 1511 1753 1566 ver111iculares,hya-

287 1588 396 1629 linae
427 1587 490 1629 vel
518 1587 802 1629 flavescentes.

420 1678 441 1703 '¹‘
472 1677 750 1730 Compositae.

421 1802 566 1843 XLIV.
625 1802 811 1844 HILLIA
841 1802 984 1842 Kfflsr.

422 1880 587 1922 Stroma
625 1894 859 1934 erumpens,
899 1881 1168 1934 pulvinatum,
1210 1883 1394 1936 nigrum,
1421 1883 1531 1924 intus
1562 1883 1750 1936 pulveru-

287 1961 455 2001 lentum.
515 1959 750 2001 Perithecia
789 1960 979 2001 stromati
1017 1960 1223 2010 immersa,
1255 1962 1515 2002 monosticha
1544 1961 1608 2002 vel
1637 1961 1751 2014 poly-

286 2038 432 2086 sticha,
477 2038 595 2079 collis
639 2038 733 2090 plus
778 2038 911 2079 minus
949 2038 1166 2092 elongatis,
1205 2039 1366 2080 ostiolis
1407 2039 1594 2080 exsertis.
1653 2039 1751 2080 Asci

287 2117 466 2166 sessiles,
506 2117 910 2171 fusoideo·elongati.
980 2118 1138 2170 Sporae
1178 2119 1309 2165 8:nae‚
1350 2118 1637 2171 conglobatae,
1673 2116 1751 2158 fili-

287 2196 453 2243 formes,
484 2195 688 2248 hyalinae.

422 2281 564 2324 Species
594 2281 769 2314 ramicola.

422 2353 466 2377 *²¹²
498 2352 729 2404 Simplices.

422 2475 544 2516 XLV.
604 2475 941 2516 BOMBARDIA.
973 2476 1081 2529 (Fu.)
1140 2475 1263 2516 Fuck.
1298 2476 1434 2531 Symb.
1469 2490 1570 2530 myc.
1593 2490 1632 2529 p.
1655 2478 1747 2518 389.

421 2553 656 2594 Perithecia
691 2553 982 2607 superficialia,
1020 2554 1276 2604 fasciculata,
1308 2554 1453 2604 laevia,
1486 2554 1644 2608 glabra,
1676 2554 1749 2594 mi-

287 2635 385 2672 nute
406 2632 620 2685 papillata,
644 2632 845 2682 coriacea,
869 2632 1073 2686 elongata.
1121 2632 1217 2673 Asci
1237 2632 1477 2687 longissime
1497 2632 1747 2685 pedicellati.

290 2709 446 2762 Sporae
477 2712 608 2759 8:nae,
640 2710 928 2765 conglobatae,
961 2710 1262 2760 vermiculares,
1295 2711 1517 2764 simplices,
1544 2711 1746 2765 hyalinae.

424 2796 613 2838 Lignicola.
