1856 3177
1397 215 1472 256 169

57 341 200 384 (szs.)
229 343 397 378 Amnsw.
430 338 513 387 Syn.
545 343 626 387 Pyr.
658 355 693 388 p.
728 342 762 378 5.
784 348 808 378 t.
836 344 868 386 1,
895 346 916 379 f.
943 344 957 379 1
985 350 1022 380 et
1042 344 1077 388 4,
1099 349 1124 379 t.
1150 343 1184 388 8,
1206 346 1228 380 s.
1254 344 1342 381 109.
1395 346 1534 391 Sphae-

55 409 144 443 rella
173 410 437 454 conylomerata
467 409 651 453 (WALLR.)
679 411 848 447 Annasw.
882 409 965 458 Syn.
996 414 1078 458 Pyr.
1109 425 1143 458 p.
1178 411 1213 455 5,
1243 419 1270 448 t.
1305 412 1338 456 6,
1368 415 1391 449 f.
1426 412 1488 450 88.

189 489 325 523 Exsicc.
373 489 464 522 ΗΑΒ.
503 489 613 523 Herb.
645 502 734 535 myc.
767 492 822 526 ed,
854 492 881 534 Ι,
915 489 993 526 360
1024 496 1060 526 et
1089 493 1144 526 ed.
1176 493 1223 535 II,
1257 490 1348 528 264.
1395 495 1533 528 KARsr.

55 557 167 600 Fung.
198 557 310 590 Fenn.
345 553 435 590 960.

188 640 294 681 Hah.
343 640 390 680 In
421 641 533 682 foliis
555 642 754 683 emortuis
776 642 973 685 arborum
995 645 1288 686 frondosarum
1309 646 1532 696 variarum,

53 732 87 758 v.
120 731 153 759 c.
194 719 308 770 Alai,
347 720 489 762 Aceris
517 722 790 776 platanoz‘dz's,
827 722 1027 775 Salicum,
1059 725 1244 766 Rhamm'
1276 725 1531 779 Franyulae,

53 798 191 839 Prum'
218 800 343 851 Padi,
379 800 529 856 Ceryli,
562 802 798 843 Barbaridis
828 817 906 844 nec
930 817 1013 845 non
1036 803 1226 845 caulibus
1245 808 1286 845 et
1305 804 1416 845 foliis
1438 805 1532 846 her—

52 877 200 918 barum
230 879 451 929 variarum,
483 895 517 921 v.
542 894 574 921 c,
617 882 904 936 Lysimachiae
934 884 1206 938 thyrsiflorae,
1229 883 1432 944 Spiraeae
1460 884 1531 925 Ul-

52 958 222 1008 mariae,
241 958 493 1014 νΡειιοείῖαηί
517 960 736 1013 palustris,
768 961 949 1002 Pteridz's
982 962 1194 1016 aquilinae
1225 976 1319 1003 vere
1341 962 1531 1016 freqven—

50 1035 224 1077 tissima.

186 1124 441 1167 Spermogonia
471 1125 572 1169 hujus
603 1126 719 1159 variae
751 1128 884 1170 species
915 1126 1100 1171 Septoriae
1131 1129 1272 1162 sistunt.

186 1242 222 1280 2.
285 1240 396 1294 Sph.
430 1241 681 1283 caulieola
711 1242 855 1283 Kfflsr.
888 1243 1017 1297 Fung.
1048 1244 1176 1285 Fenn.
1211 1245 1361 1287 exsicc.
1395 1247 1489 1287 959.

186 1318 421 1360 Perithecia
450 1320 546 1361 laxe
575 1321 782 1375 gregaria,
815 1322 1004 1363 subiculo
1034 1322 1298 1365 filamentoso
1329 1324 1447 1365 fusco
1468 1325 1531 1365 in-

52 1398 242 1448 sidentia,
284 1413 362 1452 per
407 1400 706 1454 epidermidem
751 1402 1026 1455 erumpentia,
1069 1403 1360 1456 sphaeroidea,
1399 1418 1527 1457 saepe

51 1477 203 1519 vertice
232 1479 473 1529 umbonata,
505 1494 609 1533 poro
641 1480 821 1533 simplici
851 1485 1035 1535 pertusa,
1068 1486 1172 1533 atra,
1204 1483 1309 1524 latit.
1333 1486 1399 1532 0,2
1430 1499 1526 1524 mm.

50 1558 150 1598 Asci
172 1557 421 1609 fasciculati,
443 1560 786 1610 numerosissimi,
806 1561 1259 1615 cylindraceo-clavati‚
1281 1563 1425 1617 longit.
1449 1564 1529 1604 cir-

53 1636 156 1678 citer
185 1640 238 1679 54
268 1653 421 1688 mmm.,
461 1639 624 1680 crassit,
657 1641 824 1681 circiter
854 1644 878 1682 8
910 1656 1048 1681 mmm.
1110 1642 1269 1695 Sporae
1299 1645 1434 1692 8znae,
1467 1643 1527 1683 di-

52 1715 224 1766 stichae‚
256 1717 717 1773 ovoideo-oblongatae,
749 1720 886 1762 medio
907 1721 1185 1774 uniseptatae,
1209 1721 1415 1775 hyalinae,
1438 1722 1527 1763 lon-

51 1795 122 1849 git.
157 1797 314 1837 10-11
351 1812 503 1848 mmm„
532 1800 695 1840 crassit.
728 1801 878 1850 3-3‚5
910 1815 1047 1840 mmm.

183 1888 291 1929 Hab.
353 1889 399 1929 In
441 1889 631 1931 caulibus
672 1890 936 1946 Galeopsz'clis
966 1893 1224 1933 versicoloris
1256 1892 1454 1934 emortuis
1484 1892 1528 1932 in

51 1967 208 2008 Fennia
254 1969 426 2009 australi
466 1973 507 2009 et
543 1970 682 2010 media
719 1970 856 2023 prima
894 1975 1054 2012 aestate
1092 1971 1311 2024 aliqvoties
1352 1986 1377 2012 a
1404 1971 1528 2013 nobis

53 2047 285 2088 observata.
348 2047 513 2101 Qvoqve
553 2049 606 2089 ad
645 2050 786 2090 caules
816 2051 1003 2105 Epilobz'z'
1032 2053 1299 2106 anyzcstaefolii
1328 2051 1528 2093 Umbelli-

50 2127 313 2180 ferarumqve
353 2129 406 2170 ad
447 2128 773 2171 Mare—Glaciale
809 2131 919 2171 lecta
957 2135 1021 2171 est
1050 2132 1153 2172 haec
1184 2131 1358 2184 species,
1392 2132 1528 2185 sporis

51 2221 147 2250 vero
186 2209 415 2250 minoribus
454 2210 616 2264 (longit.
650 2212 787 2251 8-10
826 2225 978 2260 mmm„
1016 2213 1177 2252 crassit.
1220 2213 1327 2252 2—3
1368 2215 1528 2265 mmm.)

52 2290 254 2343 praedita.

185 2377 365 2410 Facillime
404 2378 550 2420 dignota
587 2378 732 2422 species.
793 2378 948 2410 Maculas
985 2377 1231 2419 fuscescentes,
1261 2378 1373 2412 forma
1402 2379 1528 2419 varias,

53 2446 179 2488 qvibus
208 2445 365 2478 insident
394 2446 586 2489 perithecia
616 2445 817 2489 majuscula,
848 2445 1008 2486 nitidula,
1039 2449 1094 2479 sat
1122 2447 1331 2490 prominula,
1363 2446 1398 2479 in
1430 2448 1529 2480 caule

52 2513 134 2546 hinc
164 2513 245 2546 inde
276 2513 452 2557 dispersas
482 2513 620 2547 format.

187 2631 224 2670 3.
286 2629 394 2682 Sph.
428 2629 672 2670 Tassiana
704 2629 764 2669 DE
796 2630 842 2669 N.
874 2629 977 2670 Sfer.
1010 2629 1096 2670 ital.
1128 2644 1167 2683 p.
1191 2633 1257 2680 87,
1289 2635 1316 2671 t.
1340 2631 1527 2674 XCVIII.

187 2708 423 2749 Perithecia
463 2722 610 2762 sparsa
639 2709 703 2750 vel
734 2710 938 2763 gregaria,
970 2723 1079 2750 nunc
1120 2710 1380 2763 epidermidi,
1419 2725 1528 2753 nunc

54 2788 368 2841 parenchymati
412 2788 569 2835 innata,
614 2790 708 2842 plus
751 2789 886 2829 minus
928 2791 1195 2846 emergentia,
1238 2791 1527 2843 sphaeroidea‚
