1856 3177
376 217 453 256 132

321 343 392 398 git.
421 343 585 382 43—60
625 355 760 380 mmm.
793 340 907 391 (pars
936 336 1111 389 sporif.),
1152 335 1311 377 crassit.
1347 336 1450 374 7-9
1484 348 1618 373 mmm.
1679 332 1781 385 Spo-

320 436 392 462 rae
424 419 718 465 subdistichae‚
749 421 901 463 rectae,
933 414 1294 467 inaeqvilaterales
1326 413 1388 453 vel
1408 412 1556 453 leniter
1577 410 1780 459 curvulae,

320 500 582 553 oblongatae,
604 495 837 544 subfuscae,
855 493 998 547 longit.
1016 495 1151 534 9-14
1172 506 1322 541 mmm„
1340 491 1501 532 crassit.
1520 491 1627 530 3——5
1644 503 1779 529 mmm.

453 597 536 640 Syn.
597 593 774 638 Sphaeria
803 591 957 625 vicinula
987 592 1076 625 NYL.
1109 591 1145 624 in
1175 591 1288 632 Flora,
1322 586 1437 628 1863,
1470 599 1502 632 p.
1537 583 1626 620 322.

454 686 589 720 Exsice.
649 685 782 717 KARsT.
813 683 924 725 Fung.
956 682 1066 715 Fenu.
1099 677 1189 714 272.

454 779 562 821 Hah.
623 778 687 819 Ad
717 777 914 818 corticem
943 775 1128 817 Salicum
1159 778 1200 815 et
1230 773 1331 814 Acm·
1358 773 1401 813 in
1430 772 1587 813 Fennia
1618 774 1658 812 et
1677 770 1785 823 Lap-

321 859 448 913 ponia
477 857 646 911 passim.

455 955 599 993 Habitu,
639 964 656 986 c
691 952 917 986 stromatibus
952 949 1145 983 minoribus
1180 952 1284 992 atqve
1315 947 1562 981 elevatioribus
1593 945 1781 990 pendente,

322 1023 435 1067 sporis
466 1025 501 1055 et
532 1021 620 1054 ascis
650 1020 838 1063 majoribus
870 1030 889 1050 a
918 1017 1034 1061 priore
1065 1016 1214 1049 diversa.

828 1191 910 1230 XL.
972 1188 1148 1230 VALSA
1179 1189 1286 1241 (Fu.)

456 1295 637 1349 Subgen.
669 1293 698 1334 I.
757 1291 977 1346 Eutypella
1008 1290 1192 1330 Nirscnu,
1253 1289 1416 1329 Stroma
1447 1287 1671 1340 proprium,
1703 1285 1785 1326 val-

323 1388 451 1423 seum,
492 1385 724 1425 erumpens,
756 1371 867 1424 ligno
899 1369 1095 1410 adnatum
1126 1367 1190 1408 vel
1218 1367 1468 1415 immersum,
1500 1379 1524 1406 a
1554 1364 1787 1405 substantia

322 1451 507 1492 matricis
537 1449 754 1490 immutata
786 1448 846 1489 vel
877 1446 1112 1500 expallente
1143 1445 1364 1486 formatum
1395 1446 1604 1495 stratoqve
1633 1441 1785 1483 extimo

323 1529 553 1584 nigricante
576 1526 946 1579 circumscriptum.
993 1524 1225 1565 Perithecia
1248 1536 1401 1572 mono-,
1424 1535 1519 1562 raro
1540 1520 1784 1574 polysticha.

325 1608 488 1649 Ostiola
519 1607 692 1648 sulcata.
752 1604 850 1645 Asci
880 1603 1132 1656 pedicellati,
1166 1601 1323 1655 pariete
1346 1613 1524 1653 superne
1544 1600 1787 1647 incrassata,

325 1686 498 1739 8-spori.
559 1685 716 1737 Sporae
748 1683 965 1736 elongatae
997 1681 1060 1722 vel
1090 1680 1390 1734 cylindinceae,
1413 1678 1634 1731 simplices,
1657 1677 1789 1718 fusce-

324 1767 504 1812 scentes‚
537 1762 724 1816 exiguae.

462 1909 498 1947 1.
558 1906 607 1946 V.
640 1904 906 1946 stellulata
936 1904 1005 1943 Fn.
1039 1903 1191 1944 Summ.
1223 1903 1324 1955 Veg.
1357 1901 1506 1942 Scand.
1535 1914 1574 1953 p.
1606 1902 1698 1941 311’.

461 1996 627 2037 Stroma
670 1993 816 2034 obtuse
862 1993 1105 2033 conoideum
1146 1991 1209 2032 vel
1248 1990 1658 2043 subsphaeroideum,
1695 2003 1790 2030 raro

327 2073 594 2121 subeffusum,
627 2072 730 2112 latit.
763 2071 1001 2123 plerumqve
1035 2071 1138 2110 1-2
1170 2083 1263 2108 mm.
1314 2068 1548 2109 Perithecia
1574 2081 1708 2120 pauca
1728 2067 1793 2108 vel

326 2165 550 2193 numerosa
579 2151 622 2190 in
652 2150 793 2202 qvovis
823 2153 1033 2197 stromate,
1065 2148 1304 2200 plerumqve
1336 2147 1462 2187 dense
1493 2146 1658 2198 stipata,
1686 2159 1791 2199 sym·
1852 2197 1856 2212 ς

326 2230 500 2270 metrica
531 2229 596 2270 vel
625 2229 760 2268 rarius
786 2226 1060 2274 concentrica,
1084 2224 1449 2277 subsphaeroidea,
1472 2237 1493 2264 e
1516 2227 1657 2264 mutua
1676 2236 1792 2276 pres·

327 2308 443 2349 sione
474 2306 684 2360 angulata,
715 2305 885 2353 minuta,
918 2303 1035 2344 collis
1057 2302 1400 2356 convergentibus
1422 2301 1661 2353 ostiolisqve
1683 2314 1790 2341 nunc
1851 2296 1856 2331 ἶ

325 2386 533 2435 brevibus,
565 2383 739 2438 exiguis,
768 2396 875 2423 nunc
905 2382 999 2435 plus
1024 2382 1159 2422 minus
1181 2380 1396 2435 elongatis,
1419 2380 1595 2434 rugosis,
1619 2379 1790 2421 sulcatis
1852 2396 1856 2426 j

329 2464 391 2505 vel
430 2463 692 2516 3-—6-g0nis‚
733 2461 898 2502 omnino
937 2460 1001 2501 vel
1037 2459 1130 2500 basi
1167 2462 1326 2499 tantum
1358 2459 1545 2500 connatis
1575 2458 1789 2498 instructa.

328 2542 428 2583 Asci
472 2539 921 2595 cylindraceo-clavati,
966 2537 1109 2591 longit.
1147 2538 1313 2578 40—60
1349 2552 1485 2576 mmm.
1526 2538 1583 2589 (p.
1615 2535 1789 2588 sporif.)‚
1851 2543 1856 2550 ·

329 2620 490 2661 crassit.
521 2620 629 2660 4-6
661 2631 798 2657 mmm.
849 2616 1006 2668 Sporae
1033 2614 1308 2668 conglobatae
1330 2614 1393 2655 vel
1413 2613 1707 2662 subdistichae‚
1729 2613 1791 2653 fu-

329 2697 724 2750 soideo-elongatae,
756 2694 949 2735 curvulae
979 2693 1042 2734 vel
1063 2692 1294 2742 subrectae,
1316 2692 1459 2746 longit.
1482 2693 1617 2732 8—-12
1639 2705 1788 2740 mmm„

326 2775 485 2816 crassit.
519 2775 666 2823 1,5—2
698 2788 833 2814 mmm.
866 2796 918 2803 —-
951 2771 1277 2826 „Spermogonia
1313 2769 1644 2818 multilocularia,
1683 2772 1788 2810 stro-
