1856 3177
354 208 431 248 168

298 336 435 374 atrata
473 346 636 387 semper
671 337 838 381 tectum,
877 334 1117 387 angulatum
1151 334 1217 375 vel
1247 334 1493 383 orbiculare,
1523 335 1567 374 in
1595 335 1759 376 macula

296 412 533 465 expallente
574 412 820 466 dispersum,
860 412 965 452 latit.
997 413 1164 453 circiter
1200 414 1266 462 o‚5
1298 426 1394 453 mm.
1453 413 1686 453 Perithecia
1714 413 1756 453 in

295 490 529 531 substantia
562 491 791 540 stromatis,
831 490 953 544 vulgo
993 490 1194 541 solitaria,
1234 490 1478 540 nidulantia,
1506 491 1664 544 pallida
1693 491 1756 532 vel

295 568 448 618 albida,
480 572 652 610 astoma.
713 569 810 609 Asci
842 568 1105 622 cylindracei,
1136 569 1179 609 in
1208 569 1456 622 pedicellum
1480 568 1757 622 gracillimum

293 647 508 697 attenuati,
539 647 680 701 longit.
716 649 934 688 160—200
964 662 1115 697 mmm,
1146 647 1305 688 crassit.
1328 649 1435 688 8—9
1467 662 1602 688 mmm.
1655 647 1757 701 Spo-

259 761 267 768 ,
293 738 364 765 rae
395 727 526 774 8:nae,
558 725 761 778 parallelc
792 726 983 778 stipatae,
1014 724 1239 774 filiformes‚
1271 725 1637 778 „multiseptatae“,
1658 726 1758 780 hya-

292 803 414 852 linae,
444 803 587 857 longit.
623 805 842 845 120—150
872 818 1024 853 mmm,
1056 803 1215 844 crassit.
1248 806 1271 844 2
1304 818 1440 843 mmm.

426 901 508 945 Syn.
569 900 747 945 Sphaeria
777 900 1012 944 ceuthocarpa
1041 901 1103 934 FR.
1137 897 1230 944 Syst.
1263 911 1350 944 myc.
1382 901 1427 941 11,
1450 912 1483 944 p.
1507 898 1598 934 439.
1644 900 1754 935 CURR.

291 968 327 1000 in
359 967 479 1000 Trans.
512 968 616 1001 LmN.
650 964 728 1001 Soc.
760 968 830 1001 vol.
862 968 981 1009 XXII,
1011 979 1046 1011 p.
1080 964 1170 1008 285,
1200 971 1226 1000 t.
1258 968 1386 1008 XLIX,
1417 967 1440 1000 f.
1474 964 1565 1001 213.
1630 967 1756 1011 Hypo-

291 1034 385 1077 spila
409 1034 589 1078 populina
619 1035 682 1067 Fa.
715 1031 847 1068 Summ.
879 1035 970 1077 Veg.
1004 1031 1130 1067 Scand.
1163 1045 1197 1078 p.
1230 1031 1322 1067 421.
1382 1034 1489 1068 FUCK.
1521 1030 1638 1079 Symb.
1667 1046 1756 1079 myc.

291 1112 324 1143 p.
360 1098 421 1134 98.
481 1102 593 1135 Οοοκ.
625 1102 715 1135 Brit.
747 1102 858 1145 Fung.
890 1101 937 1142 ΙΙ,
969 1113 1002 1145 p.
1037 1098 1128 1134 930.

425 1183 531 1223 Hab.
590 1183 638 1224 In
667 1183 777 1224 foliis
799 1185 955 1239 Populi
975 1184 1169 1223 tremulae
1191 1183 1480 1224 vetustissimis
1502 1184 1629 1225 semel
1649 1183 1755 1224 bene

292 1261 455 1302 evoluta
486 1276 624 1303 mense
655 1263 765 1315 majo
795 1262 837 1302 in
867 1261 1062 1302 Mustiala
1093 1266 1156 1302 est
1186 1262 1374 1303 collecta.

614 1442 790 1481 Subfam.
824 1443 886 1480 10.
949 1441 1433 1480 SPHAERELLACEAE.

584 1541 649 1582 LI.
712 1541 1068 1582 SPHAERELLA
1110 1541 1200 1581 Ces.
1239 1545 1280 1581 et
1317 1541 1377 1580 DE
1414 1540 1460 1580 N.

424 1629 531 1671 Sect.
563 1630 593 1670 Ι.
645 1630 803 1683 Sporae
834 1630 1279 1683 ovoideo-oblongatae
1309 1630 1373 1671 vel
1394 1630 1754 1685 ovoideo·elonga-

288 1715 354 1749 tae
386 1709 448 1749 vel
479 1708 730 1762 oblongatae
758 1709 821 1750 vel
852 1709 1082 1762 elongatae,
1113 1709 1247 1749 medio
1279 1709 1342 1750 vel
1369 1709 1509 1762 paullo
1532 1714 1650 1750 extra
1672 1724 1753 1751 me-

289 1789 400 1827 dium
432 1787 707 1840 uniseptatae.
741 1812 791 1817 —-
825 1788 994 1840 Species
1029 1790 1173 1828 1—23.

424 1911 457 1949 1.
519 1909 626 1962 Sph.
659 1909 877 1963 vulgaris
910 1909 1053 1951 KAnsr.
1085 1910 1212 1963 Fung.
1245 1910 1370 1950 Fenn.
1403 1911 1552 1952 exsicc.
1588 1913 1679 1952 960.

419 1999 654 2040 Perithecia.
683 1999 949 2052 hypophylla,
981 2000 1115 2040 rarius
1146 2000 1369 2053 epiphylla,
1401 2015 1547 2053 sparsa
1577 2001 1638 2042 vel
1660 2015 1749 2055 gre·

287 2078 416 2131 garia,
448 2077 623 2118 subinde
651 2077 974 2130 conglomerata,
1005 2078 1250 2130 epidermidi
1270 2079 1426 2128 innata,
1447 2092 1549 2131 poro
1572 2079 1750 2132 simplici

287 2159 468 2207 pertusa,
510 2159 612 2204 atra,
651 2155 755 2195 latit.
789 2158 980 2196 60—150
1012 2171 1146 2196 mmm.
1208 2157 1302 2196 Asci
1335 2157 1512 2206 sessiles,
1546 2157 1748 2211 cylindra-

285 2234 542 2282 ceo-clavati,
564 2234 706 2287 longit.
731 2236 896 2275 30—50
916 2249 1066 2283 mmm,
1090 2235 1249 2275 crassit.
1276 2237 1380 2276 7-8
1403 2251 1538 2276 mmm.
1590 2237 1747 2289 Sporae

285 2315 417 2361 82nae,
460 2312 674 2362 distichae,
707 2313 1164 2366 ovoideo-oblongatae,
1197 2313 1332 2354 medio
1367 2294 1427 2354 {sel
1458 2314 1598 2366 paullo
1629 2319 1748 2356 extra

286 2392 464 2433 medium
502 2392 777 2444 uniseptatae,
819 2392 871 2432 ad
911 2396 1072 2445 septum
1112 2393 1178 2432 vix
1215 2393 1279 2433 vel
1308 2393 1453 2434 leviter
1483 2395 1744 2445 constrictae,

284 2470 487 2523 hyalinae,
518 2470 662 2524 longit.
689 2472 822 2511 7—10
853 2472 985 2523 (raro-
1020 2473 1086 2523 14)
1114 2485 1263 2520 mmm,
1296 2472 1454 2512 crassit.
1479 2474 1586 2513 3-4
1607 2488 1742 2513 mmm.

417 2564 498 2611 Syn.
559 2567 766 2611 Sphaerella
795 2578 929 2611 sparsa
959 2566 1100 2609 (PERS.)
1130 2569 1294 2601 AUERSW.
1328 2565 1409 2613 Syn.
1442 2570 1521 2613 Pyr.
1544 2581 1577 2613 p.
1602 2568 1636 2607 4.
1658 2574 1682 2603 t.
1711 2569 1742 2611 1,

282 2634 303 2665 s.
339 2631 358 2666 2
391 2640 427 2667 et
458 2633 492 2675 3,
523 2638 548 2667 t.
583 2632 617 2674 2,
648 2635 670 2667 f.
706 2631 754 2667 22
787 2639 823 2668 et
854 2631 915 2675 27,
944 2640 970 2667 t.
995 2633 1028 2675 3,
1050 2636 1071 2668 f.
1097 2632 1146 2668 39
1169 2639 1205 2668 et
1225 2640 1249 2668 t.
1275 2635 1309 2676 4,
1330 2636 1353 2669 f.
1378 2633 1440 2669 48.
1491 2637 1598 2670 FUCK.
1623 2637 1739 2680 Symb-

281 2712 367 2744 myc.
391 2712 424 2744 p.
452 2699 513 2735 99.
547 2700 726 2744 Sphaeria
746 2702 916 2734 insularis
936 2702 1082 2735 WALLR.
1106 2703 1198 2735 Flor.
1223 2707 1333 2746 crypt.
1356 2704 1402 2744 ΙΙ,
1424 2715 1458 2747 p.
1484 2701 1573 2737 814.
1605 2703 1742 2747 Sphae-

281 2768 338 2799 ria
368 2768 545 2810 corgslaria
577 2769 722 2801 WALLR.
747 2769 839 2802 Flor.
863 2773 964 2812 crypt
989 2769 1034 2810 II,
1056 2780 1087 2813 p.
1115 2767 1204 2802 770.
1257 2769 1462 2813 Sphaerella
1490 2770 1741 2814 maculzjformis
