1856 3177
1419 224 1440 261 d
1447 221 1468 260 7

187 347 297 388 Hab.
360 348 424 388 Ad
455 347 610 401 lignum
648 350 852 388 vetustum
892 348 1083 400 Betulae,
1120 347 1272 388 salicis
1305 351 1346 388 et
1372 347 1528 390 Abz'etis

50 426 94 466 in
124 426 282 467 Fennia
311 426 575 468 meridionali
607 431 648 468 et
674 427 811 468 media
833 428 996 480 (Wasaz
1028 428 1136 481 ipse)
1157 428 1325 481 passim.
1373 428 1529 469 Verisi-

52 505 206 547 militer
235 506 443 559 perennis.

184 604 383 637 Perithecia
414 604 562 637 subinde
593 604 756 647 primitus
786 604 1043 648 fibrillisaligni
1071 604 1195 638 solutis
1217 604 1454 638 albicantibus
1475 606 1527 638 in-

52 672 182 711 voluta,
212 672 303 704 unde
334 671 434 712 fac-ile
464 682 528 715 pro
559 670 739 715 Sphaeria
768 671 956 705 seminuda
986 673 1049 705 Fa.
1078 672 1170 716 Syst.
1194 683 1282 716 myc.
1305 673 1352 713 II,
1373 684 1407 716 p.
1433 670 1526 706 465.

55 737 391 781 Trematosphaeria
420 738 609 772 seminuda
639 739 748 772 FUOK.
782 739 900 783 Symb.
933 750 1021 784 myc.
1054 751 1089 783 p.
1127 736 1202 773 163
1236 740 1395 773 sumitur.
1454 740 1528 773 Ad-

50 806 191 839 modum
223 807 336 839 variat
364 806 476 839 forma
506 807 688 850 perithccii
721 811 757 840 et
788 808 927 841 ostiolo.
974 807 1100 850 Aeqvo
1127 806 1199 840 fere
1224 807 1303 850 jure
1330 808 1373 840 ad
1392 806 1530 851 Sphae-

49 874 144 906 riam
175 877 211 907 et
245 873 514 917 Teichosporam
545 875 694 908 ducitur.

184 1015 221 1054 5.
281 1014 323 1053 Τ.
359 1014 659 1055 deflecssens
691 1015 832 1055 Kmsr.

182 1104 419 1144 Perithecia
450 1105 642 1158 gregaria
670 1104 735 1145 vel
765 1118 924 1157 sparsa,
958 1105 1122 1145 demum
1153 1103 1528 1157 subsuperficialia,

49 1182 340 1235 sphaeroidea,
364 1183 529 1223 demum
552 1197 678 1236 saepe
708 1183 861 1224 vertice
883 1183 976 1236 plus
998 1184 1133 1225 minus
1156 1183 1356 1236 collapsa,
1380 1184 1531 1225 ostiolo

47 1261 333 1315 inconspicuo,
365 1262 525 1316 glabra,
557 1262 778 1312 levissima,
810 1262 1002 1312 nitidula,
1034 1263 1167 1316 nigra,
1195 1263 1300 1303 latit.
1333 1264 1527 1314 0,2—0,3

48 1355 142 1381 mm.
204 1341 300 1381 Asci
331 1341 595 1395 cylindracei,
628 1342 772 1396 longit.
807 1344 975 1383 60—80
1011 1357 1149 1382 mmm.
1211 1342 1371 1396 Sporae
1410 1345 1528 1384 thae

47 1422 235 1470 —8tnae,
268 1421 433 1474 obliqve
465 1421 765 1471 monostichae,
808 1421 1073 1476 oblongatae,
1111 1422 1247 1463 antice
1287 1422 1528 1471 crassiores,

50 1502 381 1553 1—3-septatae,
403 1495 591 1542 'subinde
628 1500 765 1542 loculo
802 1515 884 1542 uno
924 1501 1107 1543 alterove
1149 1501 1312 1555 septulo
1350 1485 1530 1556 longitu-

51 1578 180 1619 dinali
212 1578 355 1628 diviso,
388 1579 440 1619 ad
472 1583 592 1632 septa
622 1580 688 1620 vix
719 1580 783 1620 vel
817 1580 963 1620 leviter
994 1580 1259 1630 constrictae,
1292 1580 1527 1628 subfuscae,

49 1657 194 1711 longit.
230 1660 390 1698 12—16
422 1673 574 1707 mium„
607 1659 768 1699 crassit.
809 1660 916 1700 5-6
957 1673 1095 1698 mmm.
1155 1659 1419 1713 Paraphyses
1450 1658 1527 1700 fili-

50 1736 216 1785 formes,
250 1750 507 1786 numerosae,
537 1737 650 1778 haud
680 1737 787 1778 bene
819 1737 1039 1778 discretae.
1094 1778 1096 1780 ,

185 1835 268 1880 Syn.
329 1834 509 1879 Sphaeria
540 1835 720 1879 deflectens
750 1836 885 1870 KARs'r.
918 1836 1030 1879 Fung.
1064 1836 1174 1869 Fcnn.
1209 1832 1300 1869 972.

187 1941 294 1982 Hab.
355 1941 401 1981 In
438 1942 551 1995 ligno
591 1941 780 1983 betulino
820 1944 862 1982 et
906 1941 1026 1982 alnco
1070 1955 1202 1994 prope
1248 1941 1445 1983 Mustiala
1490 1947 1531 1983 et

53 2021 181 2061 Wasa
211 2034 305 2062 vere
337 2035 361 2061 a
390 2020 513 2061 nobis
542 2021 721 2061 inventa.
1167 2023 1172 2028 '

186 2119 312 2162 Vergit
343 2119 385 2151 ad
428 2117 669 2161 Sphaerzkrm.⁵
712 2117 744 2151 A
780 2117 1026 2151 Dlelanomma
1054 2118 1264 2162 pomzformi
1301 2130 1364 2151 usu
1404 2119 1528 2153 micro-

53 2187 165 2231 scopii
195 2190 334 2220 tantum
366 2189 441 2218 tute
472 2186 712 2229 distingvitur.

189 2318 227 2356 6.
286 2315 330 2355 Τ.
359 2315 680 2368 pomiformis
712 2314 856 2355 KAnsr.

188 2405 423 2446 Perithecia
454 2419 601 2458 sparsa
631 2405 695 2446 vel
716 2405 921 2459 gregaria,
945 2404 1216 2457 erumpentia,
1240 2404 1335 2445 dein
1358 2404 1530 2458 superfi-

56 2484 191 2533 cialia,
223 2484 511 2537 sphaeroidea,
543 2484 719 2524 subinde
752 2484 915 2524 demum
946 2483 1099 2524 vertice
1130 2483 1223 2535 plus
1245 2483 1379 2524 minus
1402 2484 1530 2525 colla-

53 2563 210 2613 bentia,
235 2562 386 2604 ostiolo
411 2562 601 2604 obseloto
624 2563 688 2604 vel
708 2563 912 2615 impresso
934 2562 997 2603 vel
1019 2562 1236 2615 papillato,
1260 2562 1424 2603 demum
1445 2563 1529 2604 late

56 2646 214 2695 aperto,
256 2641 401 2690 laevia,
439 2647 485 2681 ut
513 2641 738 2694 plurimum
768 2641 956 2690 nitidula,
989 2640 1254 2695 glaberrima,
1288 2644 1390 2690 atra,
1423 2641 1528 2682 latit.

56 2722 247 2770 0,4—0,5
282 2735 375 2759 mni.
437 2720 534 2760 Asci
565 2719 1094 2774 cylindraceo-subclavati,
1130 2719 1274 2773 longit.
1310 2721 1529 2761 110-130

58 2814 209 2848 mmm,
242 2799 401 2839 crassit.
437 2800 599 2840 16—18
631 2813 767 2839 mmm.
825 2799 983 2852 Sp01·ae
1005 2798 1445 2848 Stuac‚1nonos‘tichae
1468 2798 1532 2840 vel
