1856 3177
1421 185 1471 224 19

188 315 419 357 XXXVIII.
464 312 964 355 HETEROSPHAERIA
987 311 1110 353 Gnsv,
1141 310 1251 352 Scot.
1270 315 1399 365 crypt.
1419 311 1527 352 Flor.

54 399 83 435 t.
119 397 209 436 103.

190 473 421 527 Apothecia
450 472 625 522 sessilia,
658 472 780 521 nuda,
804 470 1303 525 sphaeroideo-depressa
1324 472 1365 511 et
1384 470 1426 510 in
1447 483 1531 510 me—

57 555 124 596 dio
156 555 238 595 alte
268 553 524 602 umbilicata,
558 552 712 601 clausa,
742 552 910 592 taudem
931 551 973 591 in
993 550 1168 590 lacinias
1190 550 1395 602 phacideo
1417 564 1531 590 inore

56 636 139 675 late
161 633 430 674 dehiscentia.
482 632 579 672 Asci
602 631 796 685 elongati.
844 631 1002 683 Sporae
1025 633 1156 679 Sznae,
1180 629 1396 679 distichae,
1420 629 1533 670 elon-

56 716 177 767 gatae
208 712 271 753 vel
301 711 648 764 suboblongatae,
671 710 895 762 simplices,
919 709 1189 762 eguttulatae,
1212 708 1416 761 hyalinae.
1456 708 1533 748 Pa-

56 793 257 845 raphyses
296 790 525 830 filiformes.
563 814 617 818 --
657 789 861 842 Pycnides
893 787 1124 840 apotheciis
1156 787 1323 837 similes,
1357 787 1429 828 sed
1462 787 1535 827 mi-

56 885 192 912 nores.
254 870 523 923 Stylosporae
553 868 993 917 fusoideo-filiformes,
1026 870 1233 908 arcuatae.

193 982 382 1022 XXXIX.
446 981 746 1021 DERMATEA
778 981 846 1021 FP..
899 981 1052 1021 Sunim.
1086 980 1186 1034 Veg.
1220 980 1369 1020 Scand.
1392 994 1431 1033 p.
1454 982 1533 1021 362

60 1077 121 1115 pr.
152 1076 191 1114 p.

194 1140 426 1192 Apothecia
457 1140 631 1189 sessilia,
664 1139 975 1191 patelliformia,
1002 1139 1089 1192 jani
1120 1138 1238 1179 initio
1267 1142 1424 1191 aperta,
1447 1142 1537 1180 tan-

62 1220 152 1260 dem
185 1219 267 1259 late
299 1219 517 1271 explicata,
550 1219 633 1259 imo
665 1232 849 1259 convexa
880 1222 921 1258 et
951 1218 1176 1270 pulvinata,
1208 1218 1447 1259 furfuracea
1476 1219 1540 1259 vel

61 1299 184 1347 nuda,
225 1298 417 1350 excipulo
459 1297 673 1338 suberoso.
735 1299 832 1338 Asci
870 1297 1320 1351 cylindraceo—clavati.
1381 1297 1540 1350 Sporae

64 1380 195 1427 Smae,
242 1376 458 1426 distichae,
505 1377 756 1430 oblongatae
803 1377 866 1417 vel
905 1376 1136 1430 elongatae,
1173 1376 1395 1429 simplices,
1429 1377 1542 1417 chlo-

64 1457 193 1505 rinae,
225 1457 393 1496 tandem
426 1470 550 1509 saepe
584 1456 712 1496 dilute
734 1456 978 1496 fuscidulae.
1029 1456 1291 1509 Parapliyses
1312 1454 1541 1505 filiformes,

65 1535 183 1588 apice
227 1535 496 1584 incrassatae,
543 1535 709 1575 fucatae
750 1538 791 1575 et
829 1549 921 1575 cum
953 1538 1083 1575 strato
1115 1549 1285 1576 mucoso
1318 1535 1543 1584 concolori,

66 1628 219 1664 crasso,
267 1615 456 1672 (zoalitae.
499 1639 550 1642 —
592 1613 795 1668 Pycnides
834 1613 1064 1666 apotheciis
1096 1614 1283 1654 sociatae
1313 1614 1376 1655 vel
1407 1628 1545 1668 segre-

67 1697 200 1747 gatae,
242 1693 502 1746 caespitosae
542 1693 605 1734 vel
643 1693 868 1742 solitariae,
900 1693 1082 1733 breviter
1111 1692 1332 1734 tubulosae
1363 1693 1427 1734 vel
1456 1693 1546 1733 lon—

68 1773 203 1826 giores
235 1776 275 1812 et
304 1772 666 1825 lageniformesss).
727 1772 995 1825 Stylosporae
1025 1771 1452 1814 fusoideo-filiformes
1482 1772 1546 1813 vel

70 1850 520 1912 aciculari-elongatae,
552 1851 758 1904 hyalinae,
792 1854 988 1891 arcuatae
1021 1851 1082 1891 vel
1112 1851 1338 1892 flexuosae.

203 1937 356 1979 Fungilli
386 1937 422 1970 in
453 1937 642 1970 corticibus
673 1938 835 1970 arborum
867 1937 1128 1970 demortuarum
1149 1938 1354 1971 subcxuccis
1374 1938 1545 1981 gregatim

70 2008 106 2037 et
136 2016 198 2048 per
227 2008 341 2038 totum
372 2016 501 2038 aunum
533 2008 742 2047 crescentes,
774 2006 964 2038 arescendo
996 2005 1073 2039 duri
1103 2009 1139 2038 et
1170 2006 1328 2039 coriacei.

205 2098 288 2138 XL.
349 2099 628 2139 TYMPANIS
660 2099 756 2140 Tou.
816 2099 945 2152 Fung.
977 2099 1128 2139 Meckl.
1161 2099 1192 2149 I,
1224 2114 1264 2151 p.
1297 2100 1361 2140 23.

206 2178 438 2230 Apothecia
469 2178 594 2219 dense
626 2178 876 2230 caespitosa,
908 2178 1043 2219 rarius
1075 2178 1260 2219 solitarie
1292 2192 1450 2231 sparsa,
1477 2178 1549 2218 sti-

73 2257 206 2308 pitata
237 2256 300 2297 vel
331 2257 506 2307 sessilia,
539 2260 628 2298 tota
649 2257 780 2310 nigra.
828 2258 989 2310 Cupula
1009 2258 1201 2311 primitus
1223 2258 1377 2308 clausa,
1401 2258 1550 2298 deinde

75 2339 232 2388 aperta,
266 2349 447 2376 concava
477 2336 540 2377 vel
565 2336 840 2389 planiuscula,
866 2336 1184 2390 albo-pruinosa
1204 2337 1268 2378 vel
1288 2337 1411 2386 nuda,
1435 2337 1551 2386 dura,

77 2428 240 2455 cornea.
281 2415 378 2455 Asci
400 2416 779 2469 elongato-clavati,
803 2416 1070 2466 obtusissinii,
1094 2416 1352 2458 subsessiles.
1394 2417 1552 2469 Sporae

78 2496 320 2542 8—24znac,
362 2494 799 2535 fusoideo-bacillares
840 2495 904 2535 vel
942 2495 1386 2548 fusoideo-elongatae,
1417 2495 1553 2535 rarius

80 2570 328 2623 oblongatac
367 2572 431 2612 vel
470 2573 755 2625 ellipsoideae,
795 2573 934 2626 spurie
971 2577 1172 2626 septatae,
1204 2587 1299 2614 raro
1330 2572 1553 2626 simplices,

79 2648 282 2701 hyalinae.
342 2651 603 2704 Paraphyses
634 2651 861 2701 filifornies,
894 2652 1012 2705 apice
1033 2653 1304 2700 incrassatae,
1326 2652 1491 2693 fucatae
1514 2656 1555 2693 et

213 2768 244 2808 ss)
278 2769 316 2800 In
346 2769 542 2802 Dermatea
571 2771 706 2803 seriata
737 2772 1027 2814 sphacriisornies,
1060 2772 1503 2815 dcprcsso-sphacroideae.
