1856 3177
1404 223 1480 262 137

61 336 236 378 libe-rum
270 343 311 380 et
337 344 383 381 ut
404 340 621 394 superficis
645 343 838 386 corticies
859 344 952 398 ipsa
973 359 1024 387 ex
1044 347 1161 388 fusco
1183 348 1407 403 nigricans,
1430 349 1540 391 latit.

61 416 210 465 0,8—-2
233 433 327 459 mm.
374 419 609 462 Perithecia
630 423 768 464 3—20
788 423 831 464 in
849 425 989 477 qvovis
1011 429 1222 477 stromate,
1243 428 1541 482 subsphaeroi-

61 494 150 545 dea,
184 499 326 538 mutua
355 497 571 551 pressione
604 501 817 554 angulata,
851 505 977 546 dense
1009 504 1177 558 stipata,
1210 506 1329 548 collis
1352 507 1540 550 brevius-

60 574 163 615 culis
203 575 444 629 ostiolisqve
475 590 584 619 nunc
615 578 656 619 in
690 580 848 622 discum
880 582 1263 636 subpulveraceum,
1295 584 1539 640 plerumqve

57 652 227 705 planum
260 655 505 708 conjunctis,
537 671 645 699 nunc
678 659 883 711 discretis,
916 662 1169 704 abbreviatis
1200 664 1263 705 vel
1283 664 1378 718 plus
1401 666 1539 707 minus

58 731 245 783 exsertis,
278 732 562 788 longiusculis,
592 735 801 789 flexuosis,
825 740 1195 794 subcylindraceis,
1219 743 1384 793 crassis,
1408 745 1540 797 apici-

55 809 133 851 bus
175 812 409 854 rotundatis
451 814 695 868 demumqve
731 831 834 870 poro
865 820 1059 872 pertusis.
1122 822 1220 863 Asci
1251 822 1539 877 cylindraceo-

58 889 219 940 clavati,
261 891 405 946 longit.
438 895 604 936 30—40
641 911 792 947 mmm,
836 900 998 940 crassit.
1032 902 1140 943 5-6
1173 916 1310 942 mmm.
1377 903 1538 957 Sporae

57 969 333 1023 conglobatae
365 972 427 1013 vel
460 973 757 1024 subdistichae‚
791 977 1023 1029 elongatae,
1056 979 1199 1034 longit.
1224 983 1359 1023 6—12
1383 997 1538 1034 mmm,

57 1049 219 1090 crassit.
253 1053 359 1091 1-2
392 1066 529 1093 nmini.
570 1078 618 1082 ——
660 1054 963 1110 Spermogonia
1001 1059 1273 1101 stromatibus
1312 1062 1539 1114 peritheci-

56 1129 165 1182 geris
197 1129 362 1180 similia,
395 1130 510 1173 disco
542 1132 885 1186 albido-cinereo,
916 1150 1020 1190 poro
1052 1139 1173 1193 vulgo
1204 1140 1328 1182 unico
1350 1145 1536 1194 pertuso.

56 1207 291 1261 Spermatia
336 1210 545 1265 elongata,
593 1214 772 1264 curvula,
818 1215 1000 1269 hyalina,
1046 1217 1190 1272 longit.
1231 1221 1339 1260 5-7
1382 1237 1537 1273 mmm,

56 1287 216 1328 crassit.
253 1290 398 1336 1-1‚5
432 1304 584 1340 mmm„
618 1293 784 1333 tandem
817 1293 857 1334 iu
888 1295 1048 1337 cirrhos
1080 1309 1232 1350 aqvose
1255 1299 1433 1351 albidos,
1457 1302 1537 1343 sic-

55 1379 126 1407 cos
156 1365 330 1409 flavidos
363 1369 576 1422 propulsa.

188 1454 270 1498 Syn.
340 1453 452 1488 Valsa
475 1457 608 1490 cervisia
629 1458 798 1492 NiTsOEK.
823 1459 903 1504 Pyr.
927 1472 1035 1504 germ.
1059 1474 1091 1507 p.
1121 1460 1195 1497 185
1218 1468 1254 1498 et
1280 1463 1392 1499 Valsa
1413 1467 1538 1512 Dubyi

53 1521 222 1555 N1Tscnx.
253 1522 276 1555 l.
309 1533 337 1555 c.
371 1535 405 1567 p.
444 1521 531 1557 187.

188 1601 324 1635 Exsicc.
386 1602 519 1636 KARsT.
550 1604 662 1648 Fung.
695 1605 805 1639 Fenn.
842 1604 935 1641 779.

188 1672 295 1713 Hab.
357 1673 403 1714 In
435 1675 589 1716 cortice
620 1677 822 1732 ιῙιιηῖρεινί
840 1683 1064 1722 communis
1086 1681 1127 1721 in
1151 1682 1306 1724 Fennia
1327 1684 1533 1738 freqvens.

187 1758 403 1793 Differentiis
433 1761 526 1794 inter
565 1760 605 1794 V.
639 1763 804 1796 cenisiam
832 1765 885 1798 DE
916 1766 958 1799 N.
992 1771 1028 1800 et
1057 1766 1097 1800 V.
1120 1767 1243 1813 Dubyz‘
1271 1771 1439 1805 Nrrsefflz.
1473 1776 1536 1807 aut

56 1827 331 1861 accidentalibus
371 1832 431 1861 aut
471 1839 488 1862 e
527 1831 715 1864 momentis
754 1833 988 1875 vegetationis
1028 1835 1175 1870 diversis
1213 1838 1268 1871 vel
1300 1840 1463 1882 statione,
1494 1844 1537 1874 ut

54 1895 204 1936 videtur,
235 1896 486 1940 pendentibus,
517 1898 637 1931 ambas
668 1909 773 1942 supra
804 1901 1058 1944 conjunximus.

188 1978 464 2020 *invalida
494 1980 638 2020 Kfflsr.

196 2057 240 2098 V.
270 2060 445 2099 cenisiae
477 2063 595 2100 extus
627 2060 851 2111 simillima,
885 2064 957 2104 sed
989 2065 1125 2106 adhuc
1145 2066 1232 2108 fere
1254 2068 1401 2119 minor,
1424 2071 1535 2112 ascis

55 2136 197 2190 longit.
231 2139 281 2178 25
316 2152 468 2186 mmm,
501 2138 663 2179 crassit.
687 2142 796 2181 3-4
829 2156 980 2191 mmm„
1013 2145 1148 2197 sporis
1175 2146 1446 2189 subdistichis
1469 2149 1533 2190 vel

56 2214 329 2269 conglobatis,
361 2216 505 2271 longit.
538 2219 829 2270 5-6‘mn1m„
860 2222 1020 2262 crassit.
1060 2225 1070 2262 l
1110 2238 1261 2274 mmm,
1293 2228 1534 2279 spermatiis

54 2294 179 2335 rectis
223 2295 288 2336 vel
333 2295 550 2346 subrectis,
598 2297 817 2352 elongatis,
863 2300 1006 2355 longit.
1040 2303 1148 2344 3—4
1187 2319 1339 2354 mmm„
1378 2308 1526 2355 0,5-1

55 2388 192 2414 mmm.
226 2374 399 2416 diversa.

188 2453 294 2494 Hab.
354 2454 401 2494 In
439 2452 593 2497 cortice
624 2457 879 2499 ramulorum
910 2460 1110 2515 szz’peri
1139 2466 1361 2504 communis
1392 2467 1435 2505 in
1467 2479 1532 2507 re-

55 2532 176 2586 gione
208 2530 392 2581 aboensL
425 2533 691 2586 Meriniasku,
724 2536 847 2578 Junio
879 2551 1019 2579 mense
1053 2541 1158 2581 1858
1190 2541 1378 2595 legimus.

188 2645 224 2684 8.
287 2644 333 2684 V.
367 2645 563 2688 Abietis
594 2647 663 2687 FP..
698 2648 851 2689 Summ.
885 2649 985 2704 Veg.
1019 2649 1167 2693 Scand.
1200 2667 1239 2705 p.
1271 2656 1366 2695 412.

189 2722 354 2764 Stroma
384 2724 590 2779 exiguum,
623 2739 644 2767 e
676 2726 768 2768 basi
800 2727 1026 2769 orbiculari
1048 2730 1244 2783 depresse
1267 2734 1532 2786 conoideum,

52 2801 306 2854 peridermio
336 2801 423 2844 fere
452 2803 617 2859 integro
649 2809 690 2847 et
711 2805 954 2848 ostiolorum
977 2808 1178 2851 fasciculo
1201 2810 1333 2852 solum
1356 2817 1534 2866 pertuso
