1856 3177
1404 231 1480 270 141

66 360 142 400 qve
173 348 473 401 sphaeroideis,
505 350 698 401 minimis,
731 351 773 392 in
805 352 919 394 disco
946 353 1087 396 albido
1110 369 1219 397 nunc
1241 358 1541 411 marginalibus

64 440 173 467 nunc
196 427 407 480 dispersis,
426 441 519 469 sero
542 430 863 483 emergentibus.
896 432 994 474 Asci
1011 433 1207 488 elongati,
1226 436 1270 476 8-
1285 436 1349 477 vel
1366 437 1540 490 4-spori,

61 504 205 559 longit.
228 507 393 547 44—ss8
425 521 577 557 mmm„
610 509 771 550 crassit.
796 511 819 551 8
847 525 985 551 mmm.
1045 512 1205 566 Sporae
1237 514 1539 569 cylindraceae,

61 585 268 635 curvulae,
300 585 505 640 hyalinae,
529 589 705 628 octonae
727 588 1011 632 subdistichae
1032 591 1176 646 longit.
1204 595 1364 636 12—23
1387 610 1538 646 mmm„

61 664 222 704 crassit.
256 665 407 714 2,5—4
438 680 590 716 mmm,
623 670 848 719 qvaternae
879 669 1024 724 longit.
1047 673 1210 714 20—32
1242 688 1395 724 mmm„
1427 688 1540 716 cras-

60 742 126 783 sit.
159 744 265 783 5-7
297 758 434 784 mmm.
467 769 521 775 -—
558 745 861 800 Spermogonia
906 750 1178 792 stromatibus
1222 752 1539 807 perithecigeris

61 820 285 872 simillima,
319 822 433 864 disco
464 837 514 864 ex
545 824 710 866 cinereo
742 825 1015 878 fuscescente,
1039 829 1212 880 minuto,
1234 831 1394 884 papilla
1415 832 1537 887 vulgo

58 899 192 950 unica,
216 904 320 950 atra,
342 906 513 954 pertusa
534 903 751 954 instructo,
776 906 1113 948 multilocularia.
1165 909 1402 962 Spermatia
1425 910 1537 952 elon-

58 983 167 1033 gata,
208 980 388 1030 curvula,
428 981 572 1035 longit.
604 985 713 1024 4—-5
745 999 897 1034 mmm,
931 987 1093 1027 crassit.
1129 990 1147 1028 1
1182 1003 1334 1039 mmm.,
1367 991 1536 1032 tandem

57 1057 97 1098 in
130 1058 290 1100 cirrhos
323 1059 451 1101 dilute
482 1060 667 1103 rubellos
701 1063 765 1104 vel
794 1064 975 1117 pallidos
1007 1069 1216 1119 protrusa.

190 1156 273 1201 Syn.
334 1156 514 1202 Sphaeria
534 1160 688 1194 salicina
709 1162 814 1195 PaRs.
837 1162 920 1207 Syn.
943 1164 1055 1207 Fung.
1079 1176 1114 1209 p.
1137 1160 1202 1199 47.
1252 1166 1342 1201 ΑΕΒ.
1364 1171 1401 1201 et
1420 1168 1535 1203 SCHW.

56 1223 184 1268 Consp.
215 1224 326 1268 Fung.
358 1226 447 1259 nisk.
480 1238 514 1271 p.
547 1224 610 1261 23.
671 1229 735 1262 FR.
768 1230 860 1274 Syst.
892 1242 982 1275 myc.
1005 1232 1051 1273 ΙΙ,
1083 1244 1117 1276 p.
1140 1231 1232 1267 401.
1293 1233 1405 1268 Valsa
1429 1234 1534 1280 Capi-

53 1291 188 1324 straria
219 1292 273 1325 DE
294 1293 337 1326 N.
362 1293 449 1326 Sfer.
473 1294 547 1327 ital.
571 1306 605 1339 p.
632 1293 694 1336 36,
720 1301 745 1329 t.
768 1297 844 1330 XL.
900 1296 1012 1331 Valsa
1041 1299 1195 1333 salicina
1225 1301 1310 1335 TUL.
1332 1303 1400 1337 Sel.
1423 1304 1533 1348 Fung.

55 1358 156 1403 Cal-p.
187 1359 233 1399 ΙΙ,
264 1370 299 1404 p.
337 1358 424 1394 178.

184 1450 301 1484 Form.
325 1461 498 1496 spei-mog.
528 1451 709 1496 Sphae-ria
722 1454 916 1497 pustulata
935 1456 1079 1491 HOFFM.
1102 1458 1192 1502 Veg.
1216 1459 1336 1504 Orypt.
1358 1461 1385 1502 I,
1408 1473 1442 1506 p.
1468 1458 1532 1510 26,

54 1520 80 1550 t.
113 1517 156 1558 V,
188 1517 209 1550 f.
246 1516 280 1551 3.
316 1517 502 1563 Qzstispora
525 1520 648 1565 fugam
678 1521 741 1555 Fa.
774 1523 866 1567 Syst.
899 1535 987 1568 myc.
1019 1525 1066 1566 11,
1098 1537 1132 1570 p.
1164 1523 1254 1560 544.

186 1609 322 1643 Exsicc.
384 1610 446 1643 FR.
479 1611 588 1644 Scler.
621 1612 720 1646 Svec.
757 1610 817 1647 10.
875 1615 1011 1648 KARST.
1043 1616 1154 1660 Fung.
1186 1618 1297 1651 Fenu.
1332 1616 1422 1653 780.

185 1698 302 1732 Form.
336 1710 510 1744 spei-mog.
571 1701 634 1735 FR.
667 1702 775 1736 Scler.
809 1704 908 1738 Svec.
943 1701 1035 1738 211.

187 1792 294 1833 Hab.
355 1793 401 1834 In
432 1795 558 1836 ramis
591 1799 632 1837 et
662 1797 834 1838 ramulis
867 1798 1047 1840 Salicum
1079 1800 1121 1841 in
1152 1801 1310 1843 Fennia
1339 1806 1429 1845 tota
1458 1818 1533 1857 per

53 1884 206 1912 annum
238 1874 302 1912 sat
331 1872 537 1925 freqvens.
599 1874 765 1929 Qvoqve
796 1876 839 1917 in
869 1876 1088 1932 Lapponia
1118 1880 1263 1933 (Kola2
1296 1881 1418 1934 ipse).

186 1986 207 2009 ³⁵
238 1985 286 2026 V.
317 1985 549 2028 boreella
579 1988 723 2029 KAnsT.

187 2075 422 2118 Perithecia
457 2080 619 2119 12—20
639 2079 682 2119 in
705 2080 844 2133 qvovis
867 2084 1079 2133 stromate,
1102 2083 1359 2135 circinantia,
1383 2087 1532 2140 sphae-

52 2154 208 2203 roidea,
251 2158 315 2196 sat
346 2156 517 2206 minuta,
550 2157 711 2199 ostiolis
742 2159 999 2211 incrassatis,
1032 2161 1414 2215 subsphaeroideis,
1447 2165 1534 2207 lae-

53 2234 183 2284 vibus,
217 2236 331 2285 atris,
358 2239 424 2277 sat
443 2236 626 2287 minutis,
648 2237 690 2277 in
710 2238 898 2292 margine
921 2240 1024 2281 disci
1046 2242 1376 2284 confertissimis.
1428 2244 1532 2297 Spo-

54 2326 126 2353 rae
157 2314 290 2364 8:nae,
322 2314 624 2369 cylindraceae,
657 2317 850 2359 curvulae
880 2319 944 2360 vcl
975 2319 1208 2371 subrectae,
1241 2322 1530 2376 conglobatae,

54 2391 198 2446 longit.
244 2396 386 2443 ι-1Ο,
432 2408 528 2436 raro
569 2398 677 2436 —12
720 2411 873 2447 mmm„
913 2399 1074 2440 crassit.
1119 2402 1266 2450 1,5—2
1308 2416 1445 2442 mmm.
1480 2427 1532 2431 —-

56 2468 292 2523 Spermatia
322 2472 528 2528 elongata,
563 2475 744 2525 curvula,
773 2475 918 2531 longit.
941 2479 1049 2519 4-6
1082 2493 1235 2530 mmm,
1268 2480 1429 2521 crassit.
1454 2480 1532 2522 cir-

55 2547 158 2589 citer
191 2551 209 2589 1
243 2564 381 2592 mmm.

189 2652 298 2693 Hab.
358 2653 407 2693 In
447 2655 574 2697 ramis
606 2656 788 2697 Salicum
818 2657 861 2697 in
891 2658 1110 2712 Lapponia
1139 2661 1332 2702 orientali
1362 2662 1530 2715 passim,

56 2744 90 2771 v.
125 2743 160 2771 c.
192 2730 409 2781 Sasheika,
441 2733 717 2786 Rasnavolok,
749 2735 869 2777 Kola.
929 2736 1068 2779 Etiam
1087 2752 1220 2793 prope
1242 2740 1440 2783 Mustiala
1461 2742 1533 2796 (ad

56 2807 233 2850 Salicem
269 2808 541 2865 Capraeczm).
