1856 3177
1407 211 1483 252 135

198 334 235 372 5.
296 333 345 374 V.
378 333 619 387 angulosa
650 333 830 375 Nffscua.
864 335 956 389 Pyr.
989 349 1116 390 germ.
1149 350 1188 389 p.
1225 339 1315 379 173.

197 411 363 453 Stroma
394 413 594 462 conicum,
628 413 743 455 disco
771 414 1013 468 plerumqve
1046 415 1293 469 ellipsoideo
1325 417 1388 459 vel
1414 418 1544 459 trian-

62 490 209 545 gulari,
249 491 353 532 latit.
386 494 495 533 2-4
525 507 620 532 mm.
691 493 928 535 Perithecia
969 494 1012 534 in
1052 495 1193 547 qvovis
1225 498 1424 539 stromate
1453 498 1542 552 ple-

60 584 230 623 rumqve
268 584 503 621 numerosa,
546 571 819 621 monosticha,
861 573 1046 623 ovoidea,
1088 574 1259 624 minuta,
1302 576 1421 618 collis
1452 577 1542 619 lon-

60 649 271 703 giusculis,
312 649 465 690 crassis
506 650 748 703 ostiolisqve
788 665 898 692 nunc
938 651 1149 703 brevibus,
1182 654 1345 704 erectis,
1379 655 1541 696 confer-

59 727 245 777 tissimis,
291 743 400 770 nunc
447 732 593 770 contra
631 729 893 784 longioribus
935 730 1160 781 (interdum
1202 735 1221 773 1
1261 747 1356 774 mm.
1395 733 1540 788 longit.

59 807 365 862 aeqvantibus),
399 808 708 863 divergentibus
740 809 803 850 vel
834 810 1041 860 secundis,
1073 810 1284 862 flexuosis,
1317 813 1435 866 apice
1467 812 1540 854 ob-

58 887 299 928 tusiusculis
343 887 407 929 vel
451 888 602 929 leniter
647 889 887 939 attenuatis,
935 889 1048 940 atris,
1090 891 1254 944 rugosis
1292 892 1356 933 vel
1394 892 1541 934 leviter

57 967 372 1009 3—5-sulcatis.
455 968 553 1009 Asci
608 968 1057 1023 cylindraceo-clavati,
1110 970 1234 1025 longe
1283 971 1538 1025 pedicellati,

58 1045 201 1100 longit.
234 1048 400 1087 28-40
431 1061 568 1087 mmm.
601 1048 659 1101 (p.
692 1048 868 1102 sporif.)‚
901 1048 1063 1090 crassit.
1095 1050 1205 1090 4-5
1235 1064 1373 1090 mmm.
1434 1050 1539 1104 Spo-

57 1138 128 1166 rae
168 1124 466 1174 subdistichae,
507 1127 740 1180 elongatae,
774 1127 967 1168 curvulae
998 1128 1062 1169 vel
1093 1128 1325 1178 subrectae,
1358 1128 1539 1183 subhya-

57 1203 180 1253 linae,
212 1203 356 1258 longit.
391 1206 497 1246 6-8
530 1220 683 1256 mmm„
716 1206 878 1247 crassit.
914 1208 1061 1256 1,5—2
1094 1222 1232 1248 mmm.

190 1302 273 1346 Syn.
344 1301 525 1346 Sphaeria
565 1302 765 1336 Prunastri
800 1300 825 1351 β
866 1303 1018 1337 Betulae
1058 1305 1243 1339 SOMMERF.
1285 1305 1380 1340 Flor.
1422 1306 1535 1351 Lapp.

56 1392 91 1425 p.
126 1377 216 1415 208.

190 1460 326 1494 Exsicc.
384 1461 520 1495 KARs'r.
552 1462 664 1505 Fung.
697 1462 807 1495 Fenn.
843 1459 935 1496 937.

190 1543 297 1585 Hab.
358 1543 406 1584 In
446 1544 601 1586 cortice
641 1545 817 1586 Betulae
856 1545 899 1586 in
937 1545 1156 1599 Lapponia
1197 1545 1390 1587 orientali
1421 1545 1539 1601 (Sas-

55 1621 197 1675 heika)
229 1637 253 1664 a
283 1622 404 1665 nobis
436 1624 669 1665 observata.
727 1624 775 1665 In
805 1625 964 1667 Fennia
994 1625 1177 1666 nondum
1206 1625 1329 1667 lecta.

191 1713 370 1768 Subgen.
402 1714 452 1755 ΙΙ.
512 1714 693 1755 Euvalsa
724 1715 910 1756 NuTsciffi.
964 1715 1131 1757 Stroma
1160 1715 1357 1766 valseum,
1388 1716 1535 1758 cortici

57 1791 245 1834 interiori
276 1793 387 1834 haud
418 1793 481 1835 vel
511 1807 659 1846 parum
690 1797 851 1835 mutato
883 1794 1134 1844 immersum,
1166 1809 1388 1848 numqvam
1420 1795 1532 1850 ligno

57 1870 254 1912 adnatum
299 1885 376 1912 nec
416 1876 546 1913 strato
586 1873 817 1927 nigricante
857 1873 1229 1927 circumscriptum.
1298 1873 1535 1915 Perithecia

57 1950 318 1992 monosticha
357 1950 420 1991 vel
459 1951 716 1993 circinantia.
778 1952 941 1995 Ostiola
977 1953 1155 2007 integra.
1215 1953 1313 1994 Asci
1352 1952 1533 2003 sessiles,

59 2032 185 2079 octo—,
215 2030 350 2071 rarius
382 2033 508 2071 tetra·
538 2031 602 2072 vel
623 2032 852 2086 polyspori,
874 2032 1036 2085 pariete
1057 2031 1186 2073 tenui.
1239 2031 1399 2085 Sporae
1421 2032 1535 2074 elon-

58 2112 193 2162 gatae,
226 2109 433 2158 cuwulae,
465 2110 599 2151 rarius
628 2114 769 2152 rectae
797 2114 838 2152 et
859 2111 1072 2161 ovoideae,
1095 2111 1305 2164 simplices
1327 2111 1534 2165 hyalinae.

191 2213 227 2240 a.
289 2199 590 2242 Monostichae.
660 2200 896 2242 Perithecia
941 2201 1215 2242 monosticha.
1285 2201 1449 2243 Ostiola
1492 2201 1536 2242 in

58 2277 320 2319 tuberculum
352 2279 633 2322 disciformem
673 2280 862 2322 collecta.
931 2281 1028 2322 Asci
1069 2284 1182 2322 octo·
1211 2280 1277 2323 vel
1307 2280 1532 2335 polyspori.

61 2357 220 2410 Sporae
251 2358 457 2409 cuwulae,
490 2359 698 2400 minimae.

193 2437 213 2460 '⁵‘
245 2436 341 2478 Asci
372 2438 597 2492 oct-ospori.

195 2559 232 2599 6.
292 2557 340 2598 V.
382 2558 502 2599 Pini
541 2560 656 2613 (Am.
695 2562 736 2601 et
775 2558 921 2612 Scnw.)
959 2559 1029 2600 Fn.
1062 2560 1216 2601 Summ.
1249 2560 1350 2615 Veg.
1384 2560 1535 2602 Scand.

60 2650 100 2690 p.
132 2639 226 2677 412.

196 2716 361 2758 Stroma
383 2717 786 2760 comeo-truncatum
804 2717 866 2759 vel
883 2718 1272 2772 hemisphaericum,
1289 2718 1383 2773 plus
1401 2719 1536 2760 minus

62 2795 313 2849 prominens,
352 2809 461 2838 nunc
492 2797 743 2850 peridermio
774 2795 860 2839 fere
891 2796 1053 2852 integro
1084 2797 1148 2840 vel
1177 2796 1276 2840 fisso
1306 2800 1464 2840 tectum
1495 2801 1539 2840 et
