1856 3177
349 226 400 265 76

291 355 395 397 rato,
436 364 556 399 nunc,
598 351 782 407 omnino
801 362 909 389 nunc
937 348 1030 389 basi
1058 352 1218 389 tantum
1249 352 1440 389 connata.
1500 349 1596 389 Asci
1627 349 1754 402 cylin-

294 430 446 479 dracei,
463 429 605 483 longit.
626 412 842 469 145—'165
866 442 1002 466 mmm.
1027 432 1141 479 (pars
1164 426 1339 479 sporif.),
1363 426 1523 467 crassit.
1542 428 1594 467 20
1615 441 1752 466 mmm.

293 507 450 560 Sporae
472 509 603 556 Sznae,
629 506 926 553 monostichae,
945 506 1226 558 ellipsoideae‚
1245 505 1362 557 apice
1383 505 1643 554 rotundatae,
1666 505 1754 545 uni-

294 591 495 640 septatae,
536 586 672 626 medio
710 586 972 633 constrictae,
1013 598 1152 625 massa
1191 598 1385 638 grumosa
1418 584 1615 636 repletae,
1661 584 1755 624 dein

292 665 429 706 loculo
460 668 634 717 utroqve
673 664 968 717 uniguttulato,
998 663 1202 717 hyalinae,
1233 663 1375 716 longit.
1409 664 1572 703 22-35
1603 677 1754 711 mmm,

293 744 455 785 crassit.
490 746 648 784 13—1?
683 757 818 781 mmm.
879 742 1141 794 Paraphyses
1170 740 1396 790 filiformes,
1428 741 1669 794 guttulatae.

426 853 508 897 Syn.
568 850 747 895 Sphaeria
767 850 921 892 sennica
950 851 1084 883 KARST.
1116 850 1227 892 Fung.
1260 850 1370 883 Fenn.
1406 846 1495 883 883.

426 957 536 997 Hah.
598 957 643 997 In
674 956 800 997 ramis
832 956 1030 1001 emortuis
1066 955 1189 995 Sorbi
1206 955 1405 1009 femzieae
1444 968 1584 996 mense
1626 954 1758 1007 Aprili

293 1038 334 1077 in
366 1036 560 1077 Mustiala
591 1036 832 1088 reperimus.

430 1196 465 1235 3.
526 1194 582 1233 M.
616 1193 709 1233 Alni
740 1193 830 1233 TrL.
864 1193 904 1232 in
937 1195 1041 1232 Ann.
1075 1191 1138 1232 Sc.
1170 1195 1254 1232 nat.
1286 1205 1364 1232 ser.
1397 1194 1434 1241 4,
1466 1195 1494 1231 t.
1527 1193 1563 1240 5,
1600 1193 1759 1245 (1856),

294 1289 332 1327 p.
377 1277 465 1315 109.

428 1375 592 1416 Stroma
622 1375 816 1422 valseum,
840 1374 955 1413 disco
987 1377 1173 1425 excepto,
1198 1372 1447 1424 peridermio
1473 1375 1639 1420 tectum,
1662 1371 1757 1412 sub·

293 1455 446 1495 stantia
480 1454 644 1494 corticis
681 1453 766 1493 fere
804 1447 1021 1492 immutata
1063 1451 1297 1499 formatum,
1328 1454 1446 1502 parte
1487 1449 1661 1490 centrali
1697 1450 1758 1488 in-

293 1537 412 1573 terna
441 1532 617 1573 suberea
647 1532 710 1572 vel
748 1531 890 1571 albida.
930 1530 993 1570 vel
1030 1529 1181 1569 flavida
1216 1530 1257 1569 in
1296 1529 1453 1570 discum
1495 1528 1755 1569 concolorem

294 1616 590 1665 erumpentem,
611 1611 704 1663 plus
727 1611 861 1650 minus
891 1609 1230 1661 protuberantem
1252 1612 1476 1661 protracta.
1522 1596 1756 1648 Perithecia

292 1693 333 1732 in
365 1692 527 1745 singulo
567 1694 765 1730 stromate
806 1690 923 1737 1-9,
957 1688 1101 1728 cortici
1138 1688 1353 1727 immutato
1392 1687 1597 1734 immersa,
1638 1685 1756 1725 circi-

293 1770 447 1819 nantia,
478 1769 767 1821 sphaeroidea,
800 1772 902 1808 atra.
951 1767 1111 1807 Ostiola
1132 1767 1173 1806 in
1196 1767 1310 1807 disco
1342 1770 1518 1815 exserta,
1541 1766 1754 1814 conoidea,

293 1854 415 1890 acuta
459 1849 522 1889 vel
559 1846 856 1894 obtusiuscula,
897 1845 1042 1899 rigida,
1082 1845 1212 1898 nigra.
1272 1845 1368 1885 Asci
1408 1844 1473 1885 vix
1502 1844 1755 1897 pedicellati,

293 1927 673 1982 elongato-clavati,
715 1926 857 1979 longit.
892 1926 1053 1965 90—-96
1095 1938 1244 1973 mmm„
1282 1937 1380 1976 pars
1417 1923 1559 1976 sporif.
1593 1925 1755 1964 75—90

293 2005 638 2056 111111n1.,crassit.
679 2006 838 2045 12—15
879 2018 1015 2043 mmm.
1077 2002 1233 2055 Sporae
1274 2009 1405 2052 omae,
1437 2002 1651 2050 distichae,
1683 2002 1754 2043 Ob-

293 2087 487 2140 longat-ae
532 2085 595 2125 vel
640 2082 1097 2135 ovoideo-oblongatae,
1138 2085 1276 2121 rectae
1316 2081 1378 2121 vel
1422 2081 1626 2129 cunulae,
1665 2081 1754 2120 uni-

295 2169 495 2218 septatae,
528 2164 580 2204 ad
612 2166 774 2215 septum
804 2161 1008 2202 levissime
1050 2160 1310 2208 constrictae,
1342 2159 1753 2213 chlorino-hyalinae,

294 2244 437 2296 longit.
481 2243 641 2283 18—22
687 2255 838 2287 mmm„
877 2239 1038 2279 crassit.
1076 2239 1183 2279 5—8
1217 2228 1378 2286 finum„
1418 2241 1590 2290 utroqve
1635 2238 1754 2290 apice

294 2321 427 2363 setula
457 2335 530 2362 seu
560 2319 837 2373 appendicula
876 2317 985 2370 exili,
1017 2316 1195 2370 hyalina,
1226 2316 1393 2356 tandem
1431 2316 1605 2356 decidua
1633 2329 1753 2357 orna-

292 2407 371 2442 tae.
404 2425 457 2432 —-
490 2401 698 2441 Stromata
729 2397 956 2439 conidifera
978 2396 1190 2444 conoidea,
1222 2396 1372 2436 vertice
1394 2395 1658 2448 punctifornii
1677 2407 1753 2447 per

293 2480 587 2532 peridermium
613 2477 882 2530 erumpentia,
901 2476 1042 2516 albida
1066 2475 1128 2515 vel
1154 2475 1280 2515 dilute
1300 2474 1463 2523 flavida,
1481 2475 1642 2528 exigua.
1675 2474 1752 2515 Co-

291 2558 404 2598 nidia
432 2557 678 2610 ellipsoidea
702 2556 763 2597 vel
790 2553 1349 2606 ovoideo-subsphaeroidea,
1378 2553 1593 2606 simplicia,
1615 2554 1752 2594 fusco-

293 2641 384 2676 atra
422 2637 485 2677 vel
526 2636 688 2677 demum
727 2639 830 2684 atra,
866 2634 1009 2688 longit.
1052 2635 1213 2673 12-14
1252 2647 1403 2679 mmm„
1444 2632 1603 2672 crassit.
1644 2633 1750 2672 7—9

292 2729 441 2764 mmm,
475 2715 636 2755 demum
667 2717 823 2754 stroma
857 2713 1064 2765 integrum
1092 2711 1275 2765 tegentia
1309 2714 1528 2763 partesqve
1560 2709 1750 2762 adjacen-

290 2796 353 2832 tes
384 2792 552 2844 pulvere
584 2792 754 2844 copioso
787 2795 828 2831 et
856 2791 1167 2845 fuligineo-atro
1198 2789 1466 2842 inqvinantia.
