1856 3177
1400 186 1481 227 235

191 313 230 351 4.
292 310 343 352 H.
375 310 682 353 lenticulare
712 312 858 353 KAnsr.

192 390 429 431 Perithecia
459 390 647 432 conferta
675 392 740 433 vel
770 393 975 447 gregaria,
1009 393 1275 446 emergentia,
1299 393 1449 434 deinde
1471 406 1538 434 su-

57 467 304 521 perficialia,
336 468 429 509 basi
459 472 621 510 tantum
652 470 798 512 leviter
819 471 932 525 ligno
954 471 1163 521 immersa,
1186 472 1424 521 rotundam,
1447 485 1536 513 ver-

55 547 138 588 tice
170 561 296 600 saepe
325 547 551 600 deplanata
581 549 775 590 striatula
804 550 869 591 vel
898 550 1066 603 saepius
1096 550 1243 600 laevia,
1275 551 1392 601 rima,
1415 554 1537 609 vulgo

56 626 350 676 canaliculata,
392 626 663 677 dehiscentia,
704 631 808 677 atra,
848 629 955 670 latit.
988 629 1155 671 circiter
1185 632 1251 679 0,ss
1284 645 1379 671 mm.
1439 632 1538 673 Asci

56 705 322 760 cylindracei,
344 706 489 761 longit.
512 707 679 749 circiter
702 709 781 750 150
803 723 954 758 mmm„
978 709 1140 759 crassit,
1163 710 1331 751 circiter
1353 713 1374 750 7
1397 726 1535 754 mmm.

56 784 216 837 Sporae
238 786 538 836 monostichae,
560 787 1009 842 fusoideo-elongatae,
1031 793 1172 830 rectae
1194 789 1258 831 vel
1279 789 1426 831 leviter
1447 805 1539 832 cur-

55 864 188 913 vulae,
219 864 496 917 uniseptatae,
529 866 582 906 ad
614 870 734 920 septa
755 868 1021 919 constrictae,
1042 868 1180 910 loculo
1202 872 1377 922 utroqve
1398 871 1536 912 medio

53 943 199 984 leviter
231 943 458 985 constricto
490 945 743 998 guttulisqve
774 949 797 987 2
831 951 992 998 ornato,
1015 948 1145 989 dilute
1165 947 1298 990 flavae
1319 949 1538 992 velfusce-

54 1026 232 1072 scentes,
265 1023 409 1077 longit.
433 1026 598 1064 22—26
631 1039 783 1075 mmm„
816 1026 978 1067 crassit.
1002 1029 1110 1069 4—ss
1132 1043 1270 1068 mmm.
1323 1029 1536 1084 Paraphy-

54 1116 121 1143 ses
149 1102 360 1155 copiosae,
394 1103 665 1156 gracillimae,
697 1104 809 1146 haud
839 1104 946 1147 bene
978 1106 1197 1148 discretae.

190 1181 298 1222 Hah.
358 1182 423 1223 Ad
453 1181 611 1236 lignum
641 1187 846 1225 vetustum
878 1184 921 1225 in
941 1185 1100 1226 Fennia
1120 1186 1385 1229 meridionali
1406 1188 1536 1229 semel

54 1260 243 1314 legimus.

188 1347 303 1380 Priori
342 1347 445 1381 affine
481 1351 517 1381 et
548 1348 672 1389 simile,
704 1349 957 1394 microscopico
988 1354 1105 1384 autem
1136 1352 1296 1386 examine
1327 1353 1534 1387 distinctum

54 1417 212 1458 apparet.

191 1488 228 1527 5.
288 1486 340 1527 H.
370 1491 563 1528 curtum
593 1488 737 1529 Kmsw.

189 1565 427 1607 Perithecia
458 1567 651 1621 gregaria
680 1568 745 1608 vel
767 1568 967 1618 conferta,
989 1569 1237 1622 prominula,
1261 1571 1538 1624 sphaeroidea

56 1644 119 1686 vel
155 1645 383 1699 oblongata
422 1646 486 1687 vel
526 1647 787 1700 ellipsoidea,
819 1649 973 1690 vertice
1004 1650 1180 1691 subinde
1212 1651 1442 1704 applanata
1471 1652 1536 1693 vel

56 1724 325 1766 obtusissime
371 1725 587 1776 conoidea,
634 1727 800 1767 demum
843 1727 950 1769 rima
987 1729 1258 1780 dehiscentia,
1298 1730 1433 1772 laevia
1471 1731 1536 1772 vel

55 1804 120 1846 vel
159 1804 314 1846 vertice
354 1805 466 1846 striis
497 1806 774 1858 paucissimis,
809 1810 913 1856 atra,
946 1807 1051 1848 latit.
1084 1810 1151 1859 0,3
1183 1824 1278 1849 mm.
1339 1810 1436 1851 Asci
1469 1824 1534 1865 cy-

54 1885 271 1933 lindracei,
303 1883 446 1938 longit.
480 1887 533 1926 80
564 1900 701 1925 mmm.
734 1886 850 1939 (pars
881 1887 1056 1940 sporifi),
1080 1889 1242 1930 crassit.
1265 1891 1373 1931 5-6
1395 1906 1534 1933 mmm.

57 1964 216 2017 Sporae
249 1966 382 2009 Stnae,
420 1964 584 2017 obliqve
615 1965 915 2015 monostichae,
937 1966 1416 2023 fusoideo-oblongatae,
1439 1971 1534 2023 plus

57 2043 192 2083 minus
233 2047 440 2093 curvatae,
484 2046 736 2097 3-septatae,
777 2045 831 2086 ad
867 2049 987 2098 septa
1023 2047 1287 2098 constrictae,
1328 2049 1536 2091 chlorino-

55 2121 262 2175 hyalinae,
285 2122 430 2177 longit.
457 2124 619 2165 10-16
642 2138 793 2173 mmm„
818 2125 979 2165 crassit.
1003 2126 1197 2176 2‚5—4,5
1220 2142 1356 2167 mmm.
1408 2128 1535 2169 Para-

56 2201 209 2254 physes
239 2199 469 2251 filiformes,
500 2202 694 2256 graciles,
725 2203 838 2244 haud
868 2203 974 2245 bene
1006 2204 1224 2247 discretae.

191 2280 299 2322 Hab.
351 2281 398 2321 In
428 2280 542 2335 ligno
564 2282 774 2323 exsiccato
797 2282 996 2324 arborum
1016 2284 1309 2326 frondosarum
1330 2288 1372 2326 et
1392 2299 1534 2326 acero-

57 2374 210 2401 sarum.
269 2360 502 2402 Observata
541 2365 604 2402 est
639 2365 801 2402 tantum
830 2362 874 2402 in
904 2362 1041 2404 insula
1067 2364 1253 2405 Runsala
1280 2378 1412 2418 prope
1443 2352 1534 2406 Ᾰὺο

56 2453 135 2481 nec
165 2453 247 2480 non
278 2439 320 2480 in
350 2439 569 2493 Lapponia
599 2440 773 2491 rossica,
806 2441 860 2482 ad
887 2441 1031 2483 Knasa
1062 2446 1103 2484 et
1133 2443 1328 2485 Soukelo.
1380 2444 1536 2486 Verisi-

58 2519 212 2560 militer
240 2532 436 2572 perenne.

194 2602 229 2640 6.
290 2599 341 2640 Η.
374 2599 669 2654 conigenum
699 2600 830 2641 Mona.
865 2604 906 2642 et
936 2602 1079 2643 Nasu„
1109 2602 1273 2643 Exsicc.
1308 2604 1372 2644 75.

191 2679 428 2720 Perithecia
459 2680 659 2730 conferta,
682 2694 757 2733 per
777 2681 1073 2733 peridermium
1096 2682 1369 2734 erumpentia,
1392 2686 1534 2723 rotun-

59 2758 159 2799 data
203 2757 266 2799 vel
302 2758 508 2811 elongata,
545 2762 649 2809 atra,
685 2759 790 2800 rima
824 2759 1117 2814 longitudinali
1153 2760 1423 2810 dehiscentia,
1460 2774 1537 2814 pu-
