1856 3177
385 230 463 269 108

323 356 468 396 leviter
497 340 758 402 constrictae]
787 352 930 401 flavae,
961 351 1104 405 longit.
1128 352 1290 392 25—46
1322 364 1473 398 mmm,
1496 349 1655 390 crassit.
1679 350 1784 389 5—7

324 447 460 473 mmm.
519 432 780 484 Paraphyses
810 428 1039 470 filiformes.

459 530 541 573 Syn.
602 527 780 571 Sphaeria
810 526 1025 569 culmifraya
1050 526 1112 559 FR.
1145 526 1237 570 Syst.
1268 517 1357 569 myc.
1388 525 1435 565 ΙΙ,
1465 536 1500 568 p.
1535 521 1625 557 510.
1676 523 1786 557 Coox.

325 598 414 630 Brit.
446 597 557 639 Fung.
590 596 635 635 H,
666 606 700 638 p.
734 591 825 628 875.
884 592 1086 636 Pleospora
1116 592 1332 637 cztlmzfraya
1361 592 1471 625 FUCK.
1504 591 1621 635 Symb.
1643 600 1731 634 myc.
1753 600 1786 634 p.

332 661 419 704 137,
450 667 474 696 t.
505 663 570 700 111,
600 662 623 694 s.
657 658 720 694 21.

460 753 596 786 Exsicc.
655 751 767 784 DESM.
800 750 920 794 Crypt.
949 737 1080 782 Franc.>
1104 749 1157 782 ed.
1187 748 1215 789 Ι,
1249 744 1366 781 1777.

460 834 566 875 Hah.
626 834 672 874 In
703 832 850 874 culmis
880 832 1110 885 graminum
1141 831 1183 870 in
1212 830 1370 871 Fennia
1400 833 1441 870 et
1460 829 1676 882 Lapponia
1694 841 1789 881 pas-

328 915 415 963 sim,
449 926 553 953 vere.

461 1004 481 1026 ss
511 999 966 1054 herpotrichoides.
1015 999 1338 1054 Leptosphccerz'a
1367 998 1705 1052 hevpotrz'choides
1728 997 1788 1037 DE

328 1083 375 1122 N.
408 1081 511 1122 Sfer.
544 1079 630 1120 ital.
662 1093 702 1131 p.
734 1080 799 1127 80,
831 1082 859 1118 t.
891 1077 1137 1118 LXXXVII.

460 1169 695 1211 Perithecia
743 1167 1251 1221 sphaeroideo-depressa,
1302 1167 1464 1207 demum
1512 1166 1596 1207 fere
1645 1166 1789 1215 libera,

328 1255 446 1304 parte
485 1249 680 1289 inferiore
711 1247 834 1300 vulgo
864 1245 1086 1287 filamentis
1118 1245 1326 1299 fuligineis
1357 1245 1419 1285 vel
1448 1244 1789 1294 fuscescentffius,

328 1328 540 1377 tortuosis,
571 1327 774 1380 porrectis
801 1325 959 1366 villosa.
1012 1324 1109 1365 Asci
1128 1323 1271 1377 longit.
1295 1325 1486 1364 80—100
1508 1338 1657 1372 minin,
1679 1337 1790 1364 cras—

328 1409 392 1449 sit.
427 1409 477 1447 10
509 1420 645 1445 mmm.
705 1404 862 1456 Sporae
892 1403 1333 1455 fusoideo-elongntae,
1372 1403 1700 1454 6—8-septatae,
1731 1402 1790 1442 lo—

329 1486 421 1527 culo
458 1485 581 1526 tertio
612 1484 675 1524 vel
706 1486 849 1535 qvarto
880 1482 1025 1522 leviter
1053 1481 1223 1530 tumido,
1255 1480 1434 1521 luteolae
1465 1493 1536 1520 seu
1567 1479 1789 1529 subflavae,

328 1564 469 1618 longit.
502 1563 665 1604 24—33
691 1575 843 1610 mmm.‚
875 1560 1034 1601 crassit.
1067 1561 1173 1600 4-5
1205 1574 1341 1598 mmm.

461 1652 568 1693 Hah.
618 1651 666 1691 ln
696 1649 842 1691 culmis
864 1650 1077 1690 Koelerz’ae
1098 1650 1291 1689 cristatae
1313 1647 1511 1689 emortuis
1531 1647 1573 1687 in
1595 1647 1789 1687 Mustiala

329 1731 454 1773 semel
484 1730 564 1771 fine
595 1730 719 1770 mesis
749 1729 861 1769 Junii
893 1729 996 1769 1867
1028 1728 1205 1768 inventa.

461 1828 530 1861 Vix
567 1827 633 1860 nisi
663 1825 865 1870 peritheciis
894 1825 1005 1868 magis
1035 1824 1169 1857 villosis
1198 1835 1218 1856 a
1247 1822 1350 1866 Lept.
1383 1822 1597 1867 cedmzfraya
1626 1822 1789 1855 differunt

329 1896 519 1940 specimina
557 1897 678 1927 nostra
708 1894 730 1926 l.
759 1904 787 1926 c.
819 1893 922 1933 lecta,
961 1902 1049 1936 qvae
1086 1894 1241 1924 attamen
1272 1891 1315 1923 ad
1345 1889 1448 1934 Lept.
1481 1888 1788 1933 kerpotrz'clzoidem

329 1965 381 1997 DE
410 1963 451 1996 N.
483 1962 659 2006 pertinere
691 1960 865 1993 videntur.

463 2079 526 2118 20.
586 2076 630 2115 L.
662 2073 928 2115 culmicola
957 2073 1065 2126 (Fu.)
1096 2073 1239 2112 KAnsr.
1271 2085 1353 2112 var.
1385 2074 1569 2126 usqi-ans.

462 2153 696 2195 Perithecia
734 2165 893 2204 sparsa,
923 2150 1234 2204 parenchymati
1265 2150 1503 2202 vaginarum
1533 2150 1686 2198 innata,
1718 2149 1787 2190 de·

329 2249 438 2275 mum
477 2234 518 2273 in
557 2230 775 2284 superficie
816 2244 957 2270 earum
997 2228 1190 2269 inferiore
1229 2227 1474 2280 prominula,
1514 2227 1787 2280 sphaeroides.

329 2312 391 2353 vel
429 2309 766 2362 subellipsoidea,
804 2308 1013 2360 depressa,
1043 2306 1135 2347 basi
1164 2304 1386 2346 filamentis
1412 2305 1621 2354 tortuosis,
1653 2318 1786 2346 ramo-

328 2391 396 2439 sis,
428 2387 650 2442 fuligineis,
682 2387 845 2427 demum
876 2389 940 2426 sat
971 2384 1108 2426 densis
1139 2384 1297 2432 vestita,
1329 2384 1478 2425 ostiolo
1504 2383 1785 2436 papilliformi,

327 2482 401 2522 per
428 2466 724 2521 epidermidem
756 2465 931 2517 demum⁴
949 2477 1073 2517 saepe
1103 2463 1373 2516 nigrefactam
1404 2465 1655 2514 erumpente,
1681 2465 1783 2510 atra,

326 2549 431 2596 latit,
473 2545 638 2586 circiter
676 2545 893 2584 200—256
925 2557 1062 2583 mmm.
1120 2541 1217 2582 Asci
1256 2539 1688 2594 cylindraceo-clavati
1723 2539 1784 2580 vel

328 2625 490 2673 clavati,
514 2622 735 2671 numerosi,
757 2622 899 2675 longit.
925 2622 1115 2662 70—100
1136 2634 1286 2669 mmm,
1309 2619 1468 2660 crassit.
1491 2621 1627 2659 9—14
1648 2632 1782 2657 mmm.

328 2704 485 2756 Sporae
526 2704 657 2750 Sznae,
698 2713 875 2753 superne
916 2699 1116 2741 distichae
1147 2697 1210 2739 vel
1241 2697 1546 2747 subtristichae‚
1576 2696 1783 2737 fusoideo-

327 2781 560 2829 bacillares,
593 2778 798 2828 curvulae,
829 2779 1161 2830 5—8-septatae,
1192 2775 1328 2817 loculo
1351 2775 1541 2816 'secundo
1573 2774 1635 2815 vel
1660 2773 1782 2814 tertio
