1856 3177
1405 218 1483 257 139

61 349 336 404 superficiale,
377 349 627 403 peridermio
668 349 782 390 tenui
819 347 1063 403 nigrefacto,
1104 346 1218 387 disco
1250 345 1540 394 minutissimo,

62 429 368 472 suborbiculari
407 432 569 470 tantum
607 432 790 481 pertuso,
824 427 1057 468 arctissime
1087 426 1341 466 adhaerente
1372 427 1540 465 tectum.

62 509 298 550 Perithecia
342 509 478 548 4-16
525 507 566 547 in
609 507 748 559 qvovis
788 509 1000 555 stromate,
1047 503 1309 546 monosticha
1348 503 1410 544 vel
1446 502 1542 544 sub-

63 588 320 637 oircinantia,
362 586 734 640 subsphaeroidea,
775 585 905 633 fusca,
948 584 1109 626 ostiolis
1141 583 1311 636 sparsis,
1343 583 1542 623 rotunda-

62 667 116 708 tis
158 667 222 707 vel
252 665 582 720 suboblongatis,
616 664 731 714 atris,
763 664 951 705 nitidulis
981 663 1045 704 vel
1076 662 1233 716 opaciS,
1264 675 1368 715 poro
1398 661 1543 701 latius-

64 746 157 787 culo
184 746 366 799 pertusis
388 745 604 785 instructa.
656 744 753 785 Asci
776 742 1226 798 cylindraceo-clavati,
1249 741 1432 789 sessiles‚
1453 740 1544 781 lon-

64 826 135 880 git.
173 827 337 866 40—46
378 839 530 874 mmm.‚
577 824 739 864 crassit.
775 826 797 864 6
830 838 968 863 mmm.
1040 822 1199 874 Sporae
1239 820 1541 874 cylindraceae‚

65 905 258 946 curvulae
288 904 352 945 vel
380 903 612 952 subrectae,
643 903 850 957 hyalinae,
882 902 1026 956 longit.
1056 902 1163 942 5-8
1196 914 1347 949 mmm„
1380 898 1541 940 crassit.

67 985 214 1033 1——1,5
247 999 385 1023 mmm.

197 1083 280 1127 Syn.
342 1081 520 1126 Sphaeria
551 1081 702 1125 clopz'ma
732 1080 795 1114 FR.
828 1080 921 1124 Syst.
953 1090 1041 1123 inyc.
1076 1079 1123 1119 II,
1155 1089 1189 1122 p.
1224 1075 1329 1111 401?

196 1174 333 1207 Exsicc.
390 1173 526 1207 KARs'r.
559 1173 671 1216 Fung.
705 1172 816 1205 Fenn.
851 1168 941 1205 838.

198 1257 305 1298 Hab.
366 1257 413 1297 In
451 1257 606 1298 cortice
643 1256 744 1296 Pim‘
772 1256 984 1310 sylvestris
1016 1257 1178 1294 vetusto
1209 1254 1252 1293 in
1283 1253 1441 1293 Fennia
1473 1266 1544 1293 au-

67 1337 186 1379 strali
215 1337 385 1390 passim.

199 1427 240 1469 b.
301 1427 550 1467 Circinatae.
612 1424 849 1466 Perithecia
881 1423 1128 1465 circinantia
1158 1422 1222 1463 vel
1251 1423 1293 1462 in
1321 1422 1463 1463 orbem
1487 1422 1546 1463 di-

69 1507 240 1561 sposita.
311 1505 474 1547 Ostiola
515 1505 557 1545 in
598 1505 785 1558 margine
826 1503 931 1544 disci
970 1502 1241 1555 heterogenei
1277 1502 1544 1555 emergentia.

69 1586 167 1628 Asci
189 1588 232 1627 8-
249 1585 312 1627 vel
330 1585 504 1638 4-spori.
544 1585 703 1637 Sporae
723 1582 1027 1636 cylindraceae‚
1048 1580 1254 1625 curvulae,
1277 1581 1546 1634 majusculae.

205 1714 269 1753 11.
322 1711 369 1751 V.
402 1710 623 1752 ambiens
645 1709 802 1763 (Par-s.)
824 1709 896 1749 Fa.
918 1715 1068 1749 summ.
1093 1707 1193 1761 Veg.
1217 1707 1367 1748 Scand.
1390 1721 1429 1760 p,
1452 1709 1548 1747 412.

205 1791 370 1832 Stroma
420 1789 624 1838 conicum,
671 1791 922 1837 truncatum,
971 1786 1228 1840 depressum,
1264 1785 1369 1839 >plus
1414 1786 1550 1826 minus

71 1871 362 1925 protuberans,
394 1868 644 1923 peridermio
676 1867 797 1921 vulgo
828 1866 926 1908 fisso
958 1866 1186 1907 adharente
1216 1869 1385 1906 tectum.
1436 1865 1551 1906 Peri-

71 1950 210 1992 thecia
241 1951 378 1990 4-20
408 1949 450 1989 in
482 1947 645 2001 singulo
677 1949 890 1995 stromate,
921 1945 1008 1987 fere
1039 1945 1314 1995 monosticha,
1338 1945 1552 1998 sphaeroi-

76 2030 153 2070 dea
183 2028 247 2070 vel
277 2031 420 2068 mutua
450 2026 666 2080 pressione
698 2025 908 2079 angulata,
941 2023 1185 2077 majuscula,
1219 2023 1338 2065 collis
1360 2024 1553 2065 tenuissi-

74 2109 152 2149 mis
193 2107 433 2160 ostiolisqve
470 2105 726 2153 incrassatis,
770 2103 1138 2156 subsphaeroideis
1179 2102 1243 2143 vel
1273 2101 1553 2151 subovoideis,

78 2187 300 2240 depressis,
332 2185 532 2233 laevibus,
556 2184 809 2237 majusculis,
833 2183 948 2231 atris,
973 2182 1131 2223 discum
1153 2182 1333 2235 primum
1355 2181 1553 2230 albidum,

79 2267 175 2309 dein
215 2267 436 2313 cinereum,
478 2264 642 2305 demum
679 2263 981 2303 fuscescentem
1012 2261 1077 2301 vel
1107 2264 1243 2301 atrum
1274 2259 1555 2301 ambientibus

78 2346 143 2388 vel
173 2344 435 2399 cingentibus
466 2343 685 2383 instructa.
746 2341 842 2382 Asci
875 2340 1058 2394 elongati
1089 2340 1152 2381 vel
1183 2339 1346 2388 clavati,
1380 2339 1554 2392 8-spori,

78 2425 214 2467 rarius
251 2423 424 2476 4-spori,
463 2422 606 2475 longit.
647 2421 812 2462 40—88
854 2434 1005 2468 mmm„
1048 2419 1208 2460 crassit.
1239 2419 1376 2460 8—16
1417 2432 1556 2457 mmm.

81 2504 239 2557 Sporae
271 2501 544 2555 conglobatae
576 2500 640 2541 vel
671 2498 969 2547 subdistichae,
1001 2497 1194 2539 curvulae
1226 2497 1290 2538 vel
1321 2497 1555 2546 subrectae,

82 2585 258 2624 octonae
288 2581 432 2634 longit.
462 2580 703 2633 plerumqve
728 2579 891 2620 16-24
912 2591 1065 2626 mmm„
1088 2576 1249 2617 crassit.
1273 2577 1381 2617 3—6
1404 2589 1557 2623 mmm„

83 2665 308 2715 qvaternae
338 2660 481 2714 longit.
505 2661 668 2701 24—36
691 2673 843 2705 mmm..
866 2657 1028 2699 crassit.
1052 2657 1159 2697 5--8
1192 2670 1330 2695 mmm.
1355 2680 1409 2686 —
1436 2654 1559 2708 Sper-

83 2740 278 2795 mogonia
317 2738 586 2780 stromatibus
625 2737 942 2792 perithecigeris
980 2739 1045 2777 sat
1075 2735 1239 2784 similia,
1273 2735 1387 2776 disco
1418 2737 1560 2775 rotun-

86 2819 183 2861 dato
206 2818 385 2866 sordido,
404 2817 562 2871 papilla
579 2817 699 2871 vulgo
721 2817 857 2865 unica,
877 2818 979 2866 atra,
997 2818 1167 2869 pertusa
1188 2813 1405 2863 instructo,
1423 2812 1561 2854 multi-
