<?xml version="1.0" encoding="UTF-8"?>
<!DOCTYPE html PUBLIC "-//W3C//DTD XHTML 1.0 Transitional//EN"
    "http://www.w3.org/TR/xhtml1/DTD/xhtml1-transitional.dtd">
<html xmlns="http://www.w3.org/1999/xhtml" xml:lang="en" lang="en">
 <head>
  <title>
</title>
<meta http-equiv="Content-Type" content="text/html;charset=utf-8" />
  <meta name='ocr-system' content='tesseract 3.04.00' />
  <meta name='ocr-capabilities' content='ocr_page ocr_carea ocr_par ocr_line ocrx_word'/>
</head>
<body>
  <div class='ocr_page' id='page_1' title='image "./mycologiafennicapt12kars_0036.png"; bbox 0 0 1856 3177; ppageno 0'>
   <div class='ocr_carea' id='block_1_1' title="bbox 390 188 438 226">
    <p class='ocr_par' dir='ltr' id='par_1_1' title="bbox 390 188 438 226">
     <span class='ocr_line' id='line_1_1' title="bbox 390 188 438 226; baseline -0.021 0"><span class='ocrx_word' id='word_1_1' title='bbox 390 188 438 226; x_wconf 84' lang='lat'>18</span> 
     </span>
    </p>
   </div>
   <div class='ocr_carea' id='block_1_2' title="bbox 322 308 1788 1209">
    <p class='ocr_par' dir='ltr' id='par_1_2' title="bbox 460 308 1786 363">
     <span class='ocr_line' id='line_1_2' title="bbox 460 308 1786 363; baseline -0.002 -12"><span class='ocrx_word' id='word_1_2' title='bbox 460 311 627 351; x_wconf 86' lang='lat' dir='ltr'>XXXV.</span> <span class='ocrx_word' id='word_1_3' title='bbox 686 309 963 350; x_wconf 83' lang='lat' dir='ltr'><strong>ENCOELIA</strong></span> <span class='ocrx_word' id='word_1_4' title='bbox 993 308 1079 362; x_wconf 66' lang='lat' dir='ltr'>(Fa.</span> <span class='ocrx_word' id='word_1_5' title='bbox 1118 308 1222 362; x_wconf 81' lang='lat' dir='ltr'>Syst.</span> <span class='ocrx_word' id='word_1_6' title='bbox 1257 324 1358 363; x_wconf 83' lang='lat' dir='ltr'>myc.</span> <span class='ocrx_word' id='word_1_7' title='bbox 1391 309 1441 359; x_wconf 88' lang='lat' dir='ltr'>II,</span> <span class='ocrx_word' id='word_1_8' title='bbox 1472 324 1511 362; x_wconf 89' lang='lat' dir='ltr'>p.</span> <span class='ocrx_word' id='word_1_9' title='bbox 1542 311 1610 362; x_wconf 79' lang='lat'>74)</span> <span class='ocrx_word' id='word_1_10' title='bbox 1641 310 1786 349; x_wconf 69' lang='lat' dir='ltr'>Kffls&#39;r.</span> 
     </span>
    </p>

    <p class='ocr_par' dir='ltr' id='par_1_3' title="bbox 322 387 1788 1209">
     <span class='ocr_line' id='line_1_3' title="bbox 460 387 1787 442; baseline -0.002 -12"><span class='ocrx_word' id='word_1_11' title='bbox 460 388 689 442; x_wconf 84' lang='lat' dir='ltr'>Apothecia</span> <span class='ocrx_word' id='word_1_12' title='bbox 728 388 901 435; x_wconf 87' lang='lat' dir='ltr'>sessilia,</span> <span class='ocrx_word' id='word_1_13' title='bbox 941 387 1291 439; x_wconf 86' lang='lat' dir='ltr'>suberumpentia,</span> <span class='ocrx_word' id='word_1_14' title='bbox 1331 389 1520 440; x_wconf 88' lang='lat' dir='ltr'>primitus</span> <span class='ocrx_word' id='word_1_15' title='bbox 1552 388 1694 428; x_wconf 86' lang='lat' dir='ltr'>clausa</span> <span class='ocrx_word' id='word_1_16' title='bbox 1724 388 1787 429; x_wconf 92' lang='lat' dir='ltr'>vel</span> 
     </span>
     <span class='ocr_line' id='line_1_4' title="bbox 327 465 1784 518; baseline -0.003 -8"><span class='ocrx_word' id='word_1_17' title='bbox 327 469 559 516; x_wconf 86' lang='lat' dir='ltr'>subclausa,</span> <span class='ocrx_word' id='word_1_18' title='bbox 606 466 751 507; x_wconf 85' lang='lat' dir='ltr'>deinde</span> <span class='ocrx_word' id='word_1_19' title='bbox 797 469 954 517; x_wconf 86' lang='lat' dir='ltr'>aperta,</span> <span class='ocrx_word' id='word_1_20' title='bbox 1001 465 1120 518; x_wconf 81' lang='lat' dir='ltr'>vulgo</span> <span class='ocrx_word' id='word_1_21' title='bbox 1164 466 1246 506; x_wconf 86' lang='lat' dir='ltr'>late</span> <span class='ocrx_word' id='word_1_22' title='bbox 1286 467 1471 518; x_wconf 83' lang='lat' dir='ltr'>repanda</span> <span class='ocrx_word' id='word_1_23' title='bbox 1501 470 1542 506; x_wconf 87' lang='lat' dir='ltr'>et</span> <span class='ocrx_word' id='word_1_24' title='bbox 1571 467 1784 515; x_wconf 76' lang='lat' dir='ltr'>undulata,</span> 
     </span>
     <span class='ocr_line' id='line_1_5' title="bbox 328 545 1788 599; baseline -0.002 -11"><span class='ocrx_word' id='word_1_25' title='bbox 328 560 520 588; x_wconf 82' lang='lat' dir='ltr'>carnoso·</span> <span class='ocrx_word' id='word_1_26' title='bbox 550 545 612 587; x_wconf 88' lang='lat' dir='ltr'>vel</span> <span class='ocrx_word' id='word_1_27' title='bbox 643 545 1037 593; x_wconf 85' lang='lat' dir='ltr'>ceraceO-coriacea‚</span> <span class='ocrx_word' id='word_1_28' title='bbox 1069 545 1304 585; x_wconf 81' lang='lat' dir='ltr'>furfur-acea</span> <span class='ocrx_word' id='word_1_29' title='bbox 1331 546 1393 585; x_wconf 90' lang='lat' dir='ltr'>vel</span> <span class='ocrx_word' id='word_1_30' title='bbox 1420 546 1542 585; x_wconf 84' lang='lat' dir='ltr'>nuda.</span> <span class='ocrx_word' id='word_1_31' title='bbox 1602 546 1699 585; x_wconf 87' lang='lat' dir='ltr'>Asci</span> <span class='ocrx_word' id='word_1_32' title='bbox 1722 560 1788 599; x_wconf 86' lang='lat' dir='ltr'>cy-</span> 
     </span>
     <span class='ocr_line' id='line_1_6' title="bbox 325 623 1788 677; baseline -0.002 -11"><span class='ocrx_word' id='word_1_33' title='bbox 325 623 718 666; x_wconf 82' lang='lat' dir='ltr'>lindraoeo-clavati.</span> <span class='ocrx_word' id='word_1_34' title='bbox 779 623 937 675; x_wconf 78' lang='lat' dir='ltr'>Sporae</span> <span class='ocrx_word' id='word_1_35' title='bbox 968 626 1100 672; x_wconf 75' lang='lat' dir='ltr'>8:11ae,</span> <span class='ocrx_word' id='word_1_36' title='bbox 1134 624 1348 673; x_wconf 85' lang='lat' dir='ltr'>distichae,</span> <span class='ocrx_word' id='word_1_37' title='bbox 1382 625 1610 677; x_wconf 73' lang='lat' dir='ltr'>elongatae,</span> <span class='ocrx_word' id='word_1_38' title='bbox 1634 628 1678 664; x_wconf 86' lang='lat' dir='ltr'>ut</span> <span class='ocrx_word' id='word_1_39' title='bbox 1697 625 1788 676; x_wconf 84' lang='lat' dir='ltr'>plu-</span> 
     </span>
     <span class='ocr_line' id='line_1_7' title="bbox 325 701 1788 755; baseline 0 -13"><span class='ocrx_word' id='word_1_40' title='bbox 325 704 471 743; x_wconf 86' lang='lat' dir='ltr'>rimum</span> <span class='ocrx_word' id='word_1_41' title='bbox 511 702 718 754; x_wconf 77' lang='lat' dir='ltr'>simplices</span> <span class='ocrx_word' id='word_1_42' title='bbox 759 705 799 741; x_wconf 90' lang='lat' dir='ltr'>et</span> <span class='ocrx_word' id='word_1_43' title='bbox 835 701 1039 750; x_wconf 83' lang='lat' dir='ltr'>curvulae,</span> <span class='ocrx_word' id='word_1_44' title='bbox 1079 702 1280 755; x_wconf 84' lang='lat' dir='ltr'>hyalinae,</span> <span class='ocrx_word' id='word_1_45' title='bbox 1313 707 1377 742; x_wconf 82' lang='lat' dir='ltr'>sat</span> <span class='ocrx_word' id='word_1_46' title='bbox 1410 703 1601 742; x_wconf 87' lang='lat' dir='ltr'>minutae.</span> <span class='ocrx_word' id='word_1_47' title='bbox 1662 703 1788 742; x_wconf 87' lang='lat' dir='ltr'>Para-</span> 
     </span>
     <span class='ocr_line' id='line_1_8' title="bbox 324 779 1786 834; baseline 0 -13"><span class='ocrx_word' id='word_1_48' title='bbox 324 782 474 834; x_wconf 84' lang='lat' dir='ltr'>physes</span> <span class='ocrx_word' id='word_1_49' title='bbox 518 779 741 819; x_wconf 85' lang='lat' dir='ltr'>filiformes.</span> <span class='ocrx_word' id='word_1_50' title='bbox 782 803 836 807; x_wconf 76' lang='lat'>——</span> <span class='ocrx_word' id='word_1_51' title='bbox 877 779 1175 832; x_wconf 76' lang='lat' dir='ltr'>Spei-mogonia</span> <span class='ocrx_word' id='word_1_52' title='bbox 1191 781 1240 831; x_wconf 68' lang='lat'>*),</span> <span class='ocrx_word' id='word_1_53' title='bbox 1284 781 1549 833; x_wconf 84' lang='lat' dir='ltr'>„cupularum</span> <span class='ocrx_word' id='word_1_54' title='bbox 1582 781 1786 833; x_wconf 78' lang='lat' dir='ltr'>caespites</span> 
     </span>
     <span class='ocr_line' id='line_1_9' title="bbox 325 857 1786 911; baseline 0 -13"><span class='ocrx_word' id='word_1_55' title='bbox 325 859 561 911; x_wconf 85' lang='lat' dir='ltr'>plerumqve</span> <span class='ocrx_word' id='word_1_56' title='bbox 603 857 797 910; x_wconf 82' lang='lat' dir='ltr'>contigua</span> <span class='ocrx_word' id='word_1_57' title='bbox 827 857 1024 909; x_wconf 82' lang='lat' dir='ltr'>stipantia</span> <span class='ocrx_word' id='word_1_58' title='bbox 1055 861 1126 897; x_wconf 88' lang='lat' dir='ltr'>aut</span> <span class='ocrx_word' id='word_1_59' title='bbox 1156 858 1335 898; x_wconf 88' lang='lat' dir='ltr'>discreta</span> <span class='ocrx_word' id='word_1_60' title='bbox 1366 859 1618 907; x_wconf 87' lang='lat' dir='ltr'>comitantia,</span> <span class='ocrx_word' id='word_1_61' title='bbox 1653 860 1694 898; x_wconf 90' lang='lat' dir='ltr'>in</span> <span class='ocrx_word' id='word_1_62' title='bbox 1724 864 1786 898; x_wconf 89' lang='lat' dir='ltr'>tu-</span> 
     </span>
     <span class='ocr_line' id='line_1_10' title="bbox 325 935 1787 988; baseline 0 -11"><span class='ocrx_word' id='word_1_63' title='bbox 325 936 494 977; x_wconf 86' lang='lat' dir='ltr'>bercula</span> <span class='ocrx_word' id='word_1_64' title='bbox 537 936 696 988; x_wconf 78' lang='lat' dir='ltr'>exigua,</span> <span class='ocrx_word' id='word_1_65' title='bbox 744 935 904 983; x_wconf 84' lang='lat' dir='ltr'>obtusa,</span> <span class='ocrx_word' id='word_1_66' title='bbox 951 935 1222 975; x_wconf 84' lang='lat' dir='ltr'>subtruncata</span> <span class='ocrx_word' id='word_1_67' title='bbox 1259 936 1322 976; x_wconf 87' lang='lat' dir='ltr'>vel</span> <span class='ocrx_word' id='word_1_68' title='bbox 1353 936 1499 976; x_wconf 86' lang='lat' dir='ltr'>obtuse</span> <span class='ocrx_word' id='word_1_69' title='bbox 1531 937 1687 986; x_wconf 85' lang='lat' dir='ltr'>conica,</span> <span class='ocrx_word' id='word_1_70' title='bbox 1720 950 1787 977; x_wconf 89' lang='lat' dir='ltr'>co-</span> 
     </span>
     <span class='ocr_line' id='line_1_11' title="bbox 324 1013 1785 1066; baseline -0.001 -12"><span class='ocrx_word' id='word_1_71' title='bbox 324 1015 422 1054; x_wconf 88' lang='lat' dir='ltr'>loris</span> <span class='ocrx_word' id='word_1_72' title='bbox 462 1013 821 1065; x_wconf 74' lang='lat' dir='ltr'>fusco-ferruginei</span> <span class='ocrx_word' id='word_1_73' title='bbox 861 1014 1076 1064; x_wconf 81' lang='lat' dir='ltr'>spissiqve‚</span> <span class='ocrx_word' id='word_1_74' title='bbox 1118 1014 1275 1053; x_wconf 86' lang='lat' dir='ltr'>rimulis</span> <span class='ocrx_word' id='word_1_75' title='bbox 1314 1015 1431 1066; x_wconf 84' lang='lat' dir='ltr'>apice</span> <span class='ocrx_word' id='word_1_76' title='bbox 1461 1016 1696 1055; x_wconf 76' lang='lat' dir='ltr'>fatiscentia</span> <span class='ocrx_word' id='word_1_77' title='bbox 1725 1016 1785 1054; x_wconf 88' lang='lat' dir='ltr'>in-</span> 
     </span>
     <span class='ocr_line' id='line_1_12' title="bbox 322 1091 1785 1143; baseline 0.001 -11"><span class='ocrx_word' id='word_1_78' title='bbox 322 1096 467 1143; x_wconf 80' lang='lat' dir='ltr'>tusqve</span> <span class='ocrx_word' id='word_1_79' title='bbox 517 1091 745 1131; x_wconf 76' lang='lat' dir='ltr'>cavernulis</span> <span class='ocrx_word' id='word_1_80' title='bbox 791 1091 913 1131; x_wconf 85' lang='lat' dir='ltr'>variis</span> <span class='ocrx_word' id='word_1_81' title='bbox 958 1091 1021 1131; x_wconf 89' lang='lat' dir='ltr'>vel</span> <span class='ocrx_word' id='word_1_82' title='bbox 1065 1091 1212 1131; x_wconf 86' lang='lat' dir='ltr'>locello</span> <span class='ocrx_word' id='word_1_83' title='bbox 1258 1093 1378 1132; x_wconf 82' lang='lat' dir='ltr'>unico</span> <span class='ocrx_word' id='word_1_84' title='bbox 1424 1094 1616 1133; x_wconf 77' lang='lat' dir='ltr'>confossa</span> <span class='ocrx_word' id='word_1_85' title='bbox 1659 1093 1785 1133; x_wconf 87' lang='lat' dir='ltr'>infor-</span> 
     </span>
     <span class='ocr_line' id='line_1_13' title="bbox 325 1174 476 1209; baseline 0.007 -1"><span class='ocrx_word' id='word_1_86' title='bbox 325 1174 476 1209; x_wconf 81' lang='lat' dir='ltr'>mata“.</span> 
     </span>
    </p>
   </div>
   <div class='ocr_carea' id='block_1_3' title="bbox 455 1255 1645 1299">
    <p class='ocr_par' dir='ltr' id='par_1_4' title="bbox 455 1255 1645 1299">
     <span class='ocr_line' id='line_1_14' title="bbox 455 1255 1645 1299; baseline 0.003 -13"><span class='ocrx_word' id='word_1_87' title='bbox 455 1255 603 1297; x_wconf 82' lang='lat' dir='ltr'>Majores</span> <span class='ocrx_word' id='word_1_88' title='bbox 633 1255 687 1287; x_wconf 77' lang='lat' dir='ltr'>vel</span> <span class='ocrx_word' id='word_1_89' title='bbox 719 1255 920 1295; x_wconf 76' lang='lat' dir='ltr'>mediocres,</span> <span class='ocrx_word' id='word_1_90' title='bbox 952 1256 1148 1291; x_wconf 76' lang='lat' dir='ltr'>coi-ticolae,</span> <span class='ocrx_word' id='word_1_91' title='bbox 1180 1259 1444 1289; x_wconf 80' lang='lat' dir='ltr'>autumno-vere</span> <span class='ocrx_word' id='word_1_92' title='bbox 1476 1257 1645 1299; x_wconf 77' lang='lat' dir='ltr'>vigentes.</span> 
     </span>
    </p>
   </div>
   <div class='ocr_carea' id='block_1_4' title="bbox 320 1370 1782 1972">
    <p class='ocr_par' dir='ltr' id='par_1_5' title="bbox 325 1370 1782 1501">
     <span class='ocr_line' id='line_1_15' title="bbox 455 1370 1782 1424; baseline 0.002 -15"><span class='ocrx_word' id='word_1_93' title='bbox 455 1370 641 1410; x_wconf 72' lang='lat' dir='ltr'>XXXVI.</span> <span class='ocrx_word' id='word_1_94' title='bbox 702 1370 1029 1409; x_wconf 78' lang='lat' dir='ltr'>CENANGIUM</span> <span class='ocrx_word' id='word_1_95' title='bbox 1068 1371 1136 1410; x_wconf 79' lang='lat' dir='ltr'>Fn.</span> <span class='ocrx_word' id='word_1_96' title='bbox 1186 1372 1289 1424; x_wconf 79' lang='lat' dir='ltr'>Syst.</span> <span class='ocrx_word' id='word_1_97' title='bbox 1325 1386 1423 1424; x_wconf 75' lang='lat' dir='ltr'>myc.</span> <span class='ocrx_word' id='word_1_98' title='bbox 1458 1372 1507 1420; x_wconf 88' lang='grc' dir='ltr'>ΙΙ,</span> <span class='ocrx_word' id='word_1_99' title='bbox 1539 1386 1578 1424; x_wconf 86' lang='lat' dir='ltr'>p.</span> <span class='ocrx_word' id='word_1_100' title='bbox 1614 1374 1688 1411; x_wconf 77' lang='lat'>177</span> <span class='ocrx_word' id='word_1_101' title='bbox 1721 1386 1782 1424; x_wconf 86' lang='lat' dir='ltr'>pr.</span> 
     </span>
     <span class='ocr_line' id='line_1_16' title="bbox 325 1449 573 1501; baseline -0.012 -12"><span class='ocrx_word' id='word_1_102' title='bbox 325 1464 363 1501; x_wconf 87' lang='lat' dir='ltr'>p.</span> <span class='ocrx_word' id='word_1_103' title='bbox 396 1449 573 1488; x_wconf 85' lang='lat' dir='ltr'>minima.</span> 
     </span>
    </p>

    <p class='ocr_par' dir='ltr' id='par_1_6' title="bbox 320 1527 1782 1972">
     <span class='ocr_line' id='line_1_17' title="bbox 453 1527 1782 1580; baseline 0.001 -14"><span class='ocrx_word' id='word_1_104' title='bbox 453 1527 684 1578; x_wconf 84' lang='lat' dir='ltr'>Apothecia</span> <span class='ocrx_word' id='word_1_105' title='bbox 715 1527 877 1566; x_wconf 86' lang='lat' dir='ltr'>sessilia</span> <span class='ocrx_word' id='word_1_106' title='bbox 898 1527 959 1566; x_wconf 86' lang='lat' dir='ltr'>vel</span> <span class='ocrx_word' id='word_1_107' title='bbox 981 1527 1232 1576; x_wconf 85' lang='lat' dir='ltr'>subsessilia,</span> <span class='ocrx_word' id='word_1_108' title='bbox 1256 1528 1514 1580; x_wconf 77' lang='lat' dir='ltr'>erumpentia</span> <span class='ocrx_word' id='word_1_109' title='bbox 1535 1528 1782 1569; x_wconf 85' lang='lat' dir='ltr'>obovoideo-</span> 
     </span>
     <span class='ocr_line' id='line_1_18' title="bbox 322 1604 1780 1657; baseline 0 -12"><span class='ocrx_word' id='word_1_110' title='bbox 322 1605 596 1657; x_wconf 82' lang='lat' dir='ltr'>sphaeroidea</span> <span class='ocrx_word' id='word_1_111' title='bbox 626 1604 688 1644; x_wconf 90' lang='lat' dir='ltr'>vel</span> <span class='ocrx_word' id='word_1_112' title='bbox 718 1604 967 1650; x_wconf 82' lang='lat' dir='ltr'>reniformia,</span> <span class='ocrx_word' id='word_1_113' title='bbox 997 1605 1174 1656; x_wconf 86' lang='lat' dir='ltr'>primum</span> <span class='ocrx_word' id='word_1_114' title='bbox 1195 1606 1451 1657; x_wconf 84' lang='lat' dir='ltr'>pulveracea,</span> <span class='ocrx_word' id='word_1_115' title='bbox 1475 1606 1637 1645; x_wconf 83' lang='lat' dir='ltr'>demum</span> <span class='ocrx_word' id='word_1_116' title='bbox 1659 1607 1780 1654; x_wconf 85' lang='lat' dir='ltr'>nuda,</span> 
     </span>
     <span class='ocr_line' id='line_1_19' title="bbox 322 1682 1782 1737; baseline 0.001 -15"><span class='ocrx_word' id='word_1_117' title='bbox 322 1687 433 1722; x_wconf 86' lang='lat' dir='ltr'>arcte</span> <span class='ocrx_word' id='word_1_118' title='bbox 474 1682 625 1731; x_wconf 84' lang='lat' dir='ltr'>clausa,</span> <span class='ocrx_word' id='word_1_119' title='bbox 666 1683 827 1722; x_wconf 83' lang='lat' dir='ltr'>demum</span> <span class='ocrx_word' id='word_1_120' title='bbox 866 1683 1092 1722; x_wconf 81' lang='lat' dir='ltr'>laciniatim</span> <span class='ocrx_word' id='word_1_121' title='bbox 1124 1684 1390 1723; x_wconf 77' lang='lat' dir='ltr'>dehiscentia.</span> <span class='ocrx_word' id='word_1_122' title='bbox 1451 1685 1547 1724; x_wconf 90' lang='lat' dir='ltr'>Asci</span> <span class='ocrx_word' id='word_1_123' title='bbox 1579 1684 1782 1737; x_wconf 79' lang='lat' dir='ltr'>cylindra-</span> 
     </span>
     <span class='ocr_line' id='line_1_20' title="bbox 323 1761 1782 1814; baseline 0.001 -13"><span class='ocrx_word' id='word_1_124' title='bbox 323 1761 656 1805; x_wconf 72' lang='lat' dir='ltr'>ceo-subclavati,</span> <span class='ocrx_word' id='word_1_125' title='bbox 690 1761 867 1801; x_wconf 84' lang='lat' dir='ltr'>sessiles.</span> <span class='ocrx_word' id='word_1_126' title='bbox 928 1761 1085 1813; x_wconf 75' lang='lat' dir='ltr'>Sporae</span> <span class='ocrx_word' id='word_1_127' title='bbox 1116 1764 1246 1811; x_wconf 73' lang='lat' dir='ltr'>Sznae,</span> <span class='ocrx_word' id='word_1_128' title='bbox 1279 1763 1572 1812; x_wconf 87' lang='lat' dir='ltr'>monostichae,</span> <span class='ocrx_word' id='word_1_129' title='bbox 1601 1762 1782 1814; x_wconf 84' lang='lat' dir='ltr'>ellipsoi-</span> 
     </span>
     <span class='ocr_line' id='line_1_21' title="bbox 323 1840 1780 1893; baseline 0.001 -14"><span class='ocrx_word' id='word_1_130' title='bbox 323 1840 435 1887; x_wconf 84' lang='lat' dir='ltr'>deae,</span> <span class='ocrx_word' id='word_1_131' title='bbox 468 1840 686 1891; x_wconf 78' lang='lat' dir='ltr'>simplices,</span> <span class='ocrx_word' id='word_1_132' title='bbox 720 1840 935 1879; x_wconf 88' lang='lat' dir='ltr'>incolores.</span> <span class='ocrx_word' id='word_1_133' title='bbox 987 1841 1246 1893; x_wconf 80' lang='lat' dir='ltr'>Paraphyses</span> <span class='ocrx_word' id='word_1_134' title='bbox 1275 1840 1500 1892; x_wconf 83' lang='lat' dir='ltr'>filiformes,</span> <span class='ocrx_word' id='word_1_135' title='bbox 1523 1855 1700 1893; x_wconf 87' lang='lat' dir='ltr'>superne</span> <span class='ocrx_word' id='word_1_136' title='bbox 1721 1842 1780 1880; x_wconf 88' lang='grc'>111-</span> 
     </span>
     <span class='ocr_line' id='line_1_22' title="bbox 320 1917 1781 1972; baseline 0.001 -15"><span class='ocrx_word' id='word_1_137' title='bbox 320 1920 540 1958; x_wconf 87' lang='lat' dir='ltr'>crassatae.</span> <span class='ocrx_word' id='word_1_138' title='bbox 564 1942 614 1945; x_wconf 83' lang='lat'>—</span> <span class='ocrx_word' id='word_1_139' title='bbox 637 1917 838 1969; x_wconf 69' lang='lat' dir='ltr'>Pyenides</span> <span class='ocrx_word' id='word_1_140' title='bbox 860 1918 1090 1966; x_wconf 80' lang='lat' dir='ltr'>immersae,</span> <span class='ocrx_word' id='word_1_141' title='bbox 1113 1919 1294 1967; x_wconf 79' lang='lat' dir='ltr'>conicae,</span> <span class='ocrx_word' id='word_1_142' title='bbox 1318 1919 1606 1959; x_wconf 80' lang='lat' dir='ltr'>uniloculares.</span> <span class='ocrx_word' id='word_1_143' title='bbox 1645 1919 1781 1972; x_wconf 84' lang='lat' dir='ltr'>Stylo-</span> 
     </span>
    </p>
   </div>
   <div class='ocr_carea' id='block_1_5' title="bbox 320 1996 1209 2048">
    <p class='ocr_par' dir='ltr' id='par_1_7' title="bbox 320 1996 1209 2048">
     <span class='ocr_line' id='line_1_23' title="bbox 320 1996 1209 2048; baseline 0 -12"><span class='ocrx_word' id='word_1_144' title='bbox 320 2010 466 2048; x_wconf 89' lang='lat' dir='ltr'>sporae</span> <span class='ocrx_word' id='word_1_145' title='bbox 498 1996 704 2044; x_wconf 77' lang='lat' dir='ltr'>ovoideae,</span> <span class='ocrx_word' id='word_1_146' title='bbox 737 1996 958 2047; x_wconf 82' lang='lat' dir='ltr'>simplices,</span> <span class='ocrx_word' id='word_1_147' title='bbox 992 1996 1209 2036; x_wconf 76' lang='lat' dir='ltr'>incolores.</span> 
     </span>
    </p>
   </div>
   <div class='ocr_carea' id='block_1_6' title="bbox 319 2107 1778 2629">
    <p class='ocr_par' dir='ltr' id='par_1_8' title="bbox 325 2107 1778 2238">
     <span class='ocr_line' id='line_1_24' title="bbox 451 2107 1778 2161; baseline 0.003 -16"><span class='ocrx_word' id='word_1_148' title='bbox 451 2107 658 2146; x_wconf 79' lang='lat' dir='ltr'>XXXVII.</span> <span class='ocrx_word' id='word_1_149' title='bbox 719 2107 964 2147; x_wconf 75' lang='lat' dir='ltr'>CLITHRIS</span> <span class='ocrx_word' id='word_1_150' title='bbox 996 2108 1064 2147; x_wconf 72' lang='lat' dir='ltr'>Fu.</span> <span class='ocrx_word' id='word_1_151' title='bbox 1111 2108 1262 2148; x_wconf 80' lang='lat' dir='ltr'>Summ.</span> <span class='ocrx_word' id='word_1_152' title='bbox 1304 2108 1401 2160; x_wconf 76' lang='lat' dir='ltr'>Veg.</span> <span class='ocrx_word' id='word_1_153' title='bbox 1442 2108 1589 2148; x_wconf 80' lang='lat' dir='ltr'>Scand.</span> <span class='ocrx_word' id='word_1_154' title='bbox 1627 2124 1665 2161; x_wconf 88' lang='lat' dir='ltr'>p.</span> <span class='ocrx_word' id='word_1_155' title='bbox 1698 2111 1778 2149; x_wconf 79' lang='lat'>364</span> 
     </span>
     <span class='ocr_line' id='line_1_25' title="bbox 325 2185 668 2238; baseline -0.006 -13"><span class='ocrx_word' id='word_1_156' title='bbox 325 2185 488 2238; x_wconf 86' lang='lat' dir='ltr'>(saltem</span> <span class='ocrx_word' id='word_1_157' title='bbox 519 2200 578 2237; x_wconf 89' lang='lat' dir='ltr'>pr.</span> <span class='ocrx_word' id='word_1_158' title='bbox 611 2187 668 2237; x_wconf 89' lang='lat' dir='ltr'>p.)</span> 
     </span>
    </p>

    <p class='ocr_par' dir='ltr' id='par_1_9' title="bbox 319 2264 1778 2629">
     <span class='ocr_line' id='line_1_26' title="bbox 451 2264 1778 2318; baseline 0.002 -16"><span class='ocrx_word' id='word_1_159' title='bbox 451 2264 680 2315; x_wconf 76' lang='lat' dir='ltr'>Apotllecia</span> <span class='ocrx_word' id='word_1_160' title='bbox 712 2265 884 2313; x_wconf 83' lang='lat' dir='ltr'>sessilia,</span> <span class='ocrx_word' id='word_1_161' title='bbox 908 2266 1176 2317; x_wconf 84' lang='lat' dir='ltr'>erumpentia,</span> <span class='ocrx_word' id='word_1_162' title='bbox 1200 2266 1393 2318; x_wconf 80' lang='lat' dir='ltr'>elongata</span> <span class='ocrx_word' id='word_1_163' title='bbox 1415 2269 1455 2305; x_wconf 83' lang='lat' dir='ltr'>et</span> <span class='ocrx_word' id='word_1_164' title='bbox 1475 2266 1670 2314; x_wconf 84' lang='lat' dir='ltr'>flexuosa,</span> <span class='ocrx_word' id='word_1_165' title='bbox 1696 2266 1778 2317; x_wconf 89' lang='lat' dir='ltr'>pri-</span> 
     </span>
     <span class='ocr_line' id='line_1_27' title="bbox 322 2342 1776 2393; baseline 0.002 -14"><span class='ocrx_word' id='word_1_166' title='bbox 322 2356 429 2380; x_wconf 87' lang='lat' dir='ltr'>mum</span> <span class='ocrx_word' id='word_1_167' title='bbox 473 2342 865 2393; x_wconf 83' lang='lat' dir='ltr'>cinereo-pruinosa,</span> <span class='ocrx_word' id='word_1_168' title='bbox 912 2344 1072 2383; x_wconf 86' lang='lat' dir='ltr'>demum</span> <span class='ocrx_word' id='word_1_169' title='bbox 1113 2345 1235 2392; x_wconf 82' lang='lat' dir='ltr'>nuda,</span> <span class='ocrx_word' id='word_1_170' title='bbox 1277 2349 1390 2384; x_wconf 86' lang='lat' dir='ltr'>arcte</span> <span class='ocrx_word' id='word_1_171' title='bbox 1429 2345 1580 2392; x_wconf 77' lang='lat' dir='ltr'>clausa,</span> <span class='ocrx_word' id='word_1_172' title='bbox 1614 2345 1776 2384; x_wconf 82' lang='lat' dir='ltr'>demum</span> 
     </span>
     <span class='ocr_line' id='line_1_28' title="bbox 321 2420 1776 2474; baseline 0.003 -17"><span class='ocrx_word' id='word_1_173' title='bbox 321 2423 476 2470; x_wconf 84' lang='lat' dir='ltr'>aperta.</span> <span class='ocrx_word' id='word_1_174' title='bbox 528 2420 622 2458; x_wconf 85' lang='lat' dir='ltr'>Asci</span> <span class='ocrx_word' id='word_1_175' title='bbox 652 2420 1022 2469; x_wconf 73' lang='lat' dir='ltr'>t&#39;usoicleo-clavati,</span> <span class='ocrx_word' id='word_1_176' title='bbox 1054 2422 1290 2474; x_wconf 78' lang='lat' dir='ltr'>longissime</span> <span class='ocrx_word' id='word_1_177' title='bbox 1320 2422 1569 2473; x_wconf 54' lang='lat' dir='ltr'>pellicellati.</span> <span class='ocrx_word' id='word_1_178' title='bbox 1621 2422 1776 2473; x_wconf 82' lang='lat' dir='ltr'>Sporae</span> 
     </span>
     <span class='ocr_line' id='line_1_29' title="bbox 321 2497 1777 2552; baseline 0.002 -17"><span class='ocrx_word' id='word_1_179' title='bbox 321 2498 450 2544; x_wconf 73' lang='lat' dir='ltr'>Sznae,</span> <span class='ocrx_word' id='word_1_180' title='bbox 487 2497 770 2550; x_wconf 78' lang='lat' dir='ltr'>conglobatae,</span> <span class='ocrx_word' id='word_1_181' title='bbox 810 2499 1029 2551; x_wconf 85' lang='lat' dir='ltr'>simplices,</span> <span class='ocrx_word' id='word_1_182' title='bbox 1061 2499 1286 2548; x_wconf 82' lang='lat' dir='ltr'>filit&#39;ormes,</span> <span class='ocrx_word' id='word_1_183' title='bbox 1318 2499 1582 2552; x_wconf 69' lang='lat' dir='ltr'>longissimae</span> <span class='ocrx_word' id='word_1_184' title='bbox 1613 2503 1654 2538; x_wconf 86' lang='lat' dir='ltr'>et</span> <span class='ocrx_word' id='word_1_185' title='bbox 1684 2513 1777 2551; x_wconf 76' lang='lat' dir='ltr'>gra-</span> 
     </span>
     <span class='ocr_line' id='line_1_30' title="bbox 319 2573 1334 2629; baseline 0.006 -18"><span class='ocrx_word' id='word_1_186' title='bbox 319 2573 508 2622; x_wconf 86' lang='lat' dir='ltr'>cillimae,</span> <span class='ocrx_word' id='word_1_187' title='bbox 540 2575 756 2616; x_wconf 89' lang='lat' dir='ltr'>incolores.</span> <span class='ocrx_word' id='word_1_188' title='bbox 816 2577 1077 2629; x_wconf 84' lang='lat' dir='ltr'>Paraphyses</span> <span class='ocrx_word' id='word_1_189' title='bbox 1107 2577 1334 2617; x_wconf 83' lang='lat' dir='ltr'>filiformes.</span> 
     </span>
    </p>
   </div>
   <div class='ocr_carea' id='block_1_7' title="bbox 449 2736 1120 2780">
    <p class='ocr_par' dir='ltr' id='par_1_10' title="bbox 449 2736 1120 2780">
     <span class='ocr_line' id='line_1_31' title="bbox 449 2736 1120 2780; baseline 0.007 -13"><span class='ocrx_word' id='word_1_190' title='bbox 449 2736 480 2776; x_wconf 57' lang='lat'>²⁸)</span> <span class='ocrx_word' id='word_1_191' title='bbox 510 2737 550 2768; x_wconf 88' lang='lat' dir='ltr'>In</span> <span class='ocrx_word' id='word_1_192' title='bbox 580 2736 667 2769; x_wconf 64' lang='lat' dir='ltr'>Eae.</span> <span class='ocrx_word' id='word_1_193' title='bbox 698 2736 790 2769; x_wconf 68' lang='lat' dir='ltr'>Ulmi</span> <span class='ocrx_word' id='word_1_194' title='bbox 820 2737 937 2780; x_wconf 52' lang='lat' dir='ltr'>(Tot.)</span> <span class='ocrx_word' id='word_1_195' title='bbox 969 2741 1120 2772; x_wconf 73' lang='lat' dir='ltr'>inventa.</span> 
     </span>
    </p>
   </div>
  </div>
 </body>
</html>
