1856 3177
367 188 417 227 22

446 312 568 353 XLV.
613 310 878 352 PROPOLIS
901 310 970 349 FP..
1017 309 1169 350 Summ.
1193 310 1292 364 Veg.
1317 310 1464 352 Scand.
1486 325 1525 364 p.
1548 314 1599 353 37
1605 315 1626 353 2
1649 327 1709 366 pr.
1731 328 1770 366 p.

446 389 677 443 Apothecia
706 389 910 437 immersa,
941 390 1104 429 matura
1132 388 1289 442 lignum
1318 390 1381 430 vel
1412 391 1607 432 corticem
1632 405 1773 445 super-

314 468 495 521 positum
533 468 625 520 plus
663 467 797 507 minus
832 467 1033 506 mutatum
1068 466 1181 507 varie
1210 469 1455 520 rumpentia,
1487 469 1683 523 angulata
1711 470 1774 510 vel

314 546 626 595 subrotundata,
656 545 794 598 plana,
826 543 1016 596 excipulo
1045 544 1286 586 indistincto
1317 547 1380 587 vel
1400 547 1486 588 fere
1506 548 1633 589 nullo.
1678 548 1775 589 Asci

315 623 689 677 elongato-clavati.
741 622 898 674 Sporae
920 624 1050 671 Stnae,
1074 623 1288 673 distichae,
1311 624 1559 678 oblongatae
1580 627 1642 666 vel
1664 626 1775 667 elon-

315 706 448 756 gatae,
490 702 770 754 qvadantenus
810 701 1060 750 incurvatae,
1094 701 1504 756 chlorino-hyalinae,
1537 704 1655 756 vulgo
1684 719 1775 757 sep-

315 784 439 822 tatae.
499 781 757 834 Paraphyses
787 778 1012 829 filifcrmes,
1046 780 1364 833 conglutinatae.

448 868 560 909 Fungi
587 866 788 907 mediocres,
819 867 919 908 ligni·
951 867 1005 899 vel
1037 868 1234 900 cortieolae.

449 970 590 1010 XLVI.
649 970 1101 1011 LEPTOTROCHILA
1132 971 1273 1011 KAnsr.

448 1049 678 1101 Apothecia
713 1048 868 1098 innata,
908 1052 1071 1090 matura
1108 1050 1403 1102 epidermidem
1435 1051 1775 1104 superjacentem,

315 1126 585 1179 nigrefactam
625 1127 871 1178 rumpentia,
908 1128 1041 1168 forma
1078 1128 1202 1178 varia,
1234 1128 1371 1180 plana,
1404 1129 1593 1181 excipulo
1624 1130 1777 1169 tenuis-

316 1206 419 1246 simo
458 1205 672 1245 instructa.
732 1206 829 1245 Asci
869 1206 1029 1246 clavati.
1091 1206 1249 1259 Sporae
1286 1209 1417 1256 Stnae,
1450 1207 1663 1256 distichae,
1696 1208 1777 1248 aci-

317 1284 463 1324 culari-
486 1283 549 1324 vel
570 1283 1090 1337 subfusoideo-elongatae,
1112 1285 1317 1338 hyalinae,
1341 1286 1561 1337 simplices,
1584 1287 1776 1336 minutae,

317 1365 468 1402 rectae.
528 1362 787 1416 Paraphyses
817 1361 1044 1412 filiformes,
1077 1364 1293 1404 discretae.

448 1448 601 1490 Fungilli
621 1449 757 1489 minuti,
780 1450 1001 1491 liigricantes,
1022 1450 1144 1492 innati,
1166 1450 1249 1483 folia
1265 1450 1345 1483 viva
1360 1450 1545 1483 herbarum
1561 1450 1777 1483 infestantes.

449 1552 612 1592 XLVII.
672 1552 946 1593 TROCHILA
983 1553 1053 1594 Fa.
1115 1553 1265 1593 Summ.
1297 1554 1397 1607 Veg.
1432 1554 1579 1594 Scand.
1610 1569 1650 1607 p.
1683 1556 1775 1594 367.

450 1630 680 1682 Apothecia
718 1632 872 1680 innata,
913 1632 1055 1672 clausa
1084 1632 1147 1673 vel
1178 1632 1431 1684 epidermide
1460 1636 1583 1681 tecta,
1616 1633 1777 1681 deinde,

318 1709 571 1761 epidermide
602 1709 740 1761 specie
770 1713 929 1750 mutata
958 1711 1185 1750 laciniatim
1214 1714 1348 1763 rupta,
1382 1713 1651 1764 erumpentia,
1683 1726 1778 1752 con-

320 1801 430 1837 cava,
454 1788 642 1840 excipulo
664 1788 786 1829 modo
808 1790 920 1829 tenui
942 1789 1258 1830 111e111branaceo
1276 1791 1654 1840 monostromatico,
1671 1805 1779 1830 nunc

318 1866 558 1906 tenuissimo
589 1866 652 1907 vel
681 1867 934 1908 indistincto.
991 1869 1087 1908 Asci
1108 1868 1191 1909 late
1214 1870 1276 1909 vel
1298 1869 1674 1922 elongato-clavati,
1694 1884 1779 1910 ma-

313 1945 477 1997 jusculi.
538 1945 695 1997 Sporae
739 1946 859 2000 vulgo
905 1948 1036 1996 ὅπως,
1084 1946 1284 1988 distich-ae
1320 1948 1383 1988 vel
1413 1948 1778 2001 subconglobatae,

318 2023 790 2077 fusoideo-oblongatae,
829 2039 925 2065 raro
965 2025 1213 2078 oblongatae
1244 2027 1306 2066 vel
1337 2026 1567 2080 elongatae,
1599 2029 1780 2080 2-guttu-

320 2102 443 2150 latae,
474 2102 683 2143 rarissime
716 2104 854 2155 spurie
876 2106 1076 2156 septatae,
1098 2104 1317 2154 incolores,
1339 2105 1604 2158 majusculae.
1654 2105 1780 2145 Para-

320 2180 470 2233 physes
501 2194 682 2222 summae
712 2182 806 2234 plus
836 2182 970 2222 minus
1000 2183 1268 2223 incrassatae.

453 2266 605 2309 Fungilli
642 2268 778 2308 minuti,
815 2269 986 2311 gregatim
1024 2270 1078 2302 vel
1110 2270 1256 2313 sparsim
1286 2273 1491 2309 crescentes,
1522 2269 1610 2302 folii·
1642 2270 1695 2302 vel
1727 2280 1779 2301 ca-

322 2334 428 2374 lami-,
458 2336 631 2368 rarissime
663 2337 861 2378 caulicolae,
892 2337 977 2370 fusci
1007 2338 1062 2370 vel
1092 2338 1335 2371 fuscescentes.

645 2467 780 2512 Fam.
819 2469 887 2513 ΙΙ.
957 2468 1454 2514 PHACIDIACEAE.

454 2562 684 2613 Apothecia
694 2564 732 2616 >1‘)
764 2565 936 2614 sessilia,
960 2566 1169 2606 rarissime
1191 2565 1468 2618 substipitata,
1489 2565 1782 2604 innato-emer-

326 2639 464 2690 gentia
492 2640 555 2679 vel
585 2643 852 2694 erumpentia,
890 2643 942 2683 ad
972 2643 1146 2684 formam
1175 2644 1300 2693 varia,
1331 2646 1377 2684 ut
1404 2642 1626 2695 plurimum
1654 2641 1782 2682 hemi-

456 2754 487 2797 >“)
518 2756 574 2789 An
604 2760 720 2802 potius
750 2761 940 2803 perithecia
970 2763 1140 2795 dicenda?
