1856 3177
349 193 429 234 226

426 325 716 369 Spermogonium
754 325 828 368 ejus
867 325 925 358 vix
963 325 1056 359 sistit
1093 324 1281 359 Fusidium
1318 324 1474 360 Ptericzis
1503 328 1687 362 KALCHBR.
1720 329 1757 363 in

292 394 382 427 ΕΑΒ.
413 393 526 436 Fung.
559 403 631 426 eur.
664 392 718 426 ed.
741 392 787 433 H,
821 389 899 426 389
932 393 1025 436 qvod
1052 393 1076 426 l.
1099 403 1128 426 c.
1151 393 1206 427 his
1235 394 1352 427 verbis
1383 394 1609 428 describitur:
1640 396 1755 439 Spori-

293 460 360 493 diis
390 459 591 503 cylindrieis
620 459 725 492 rectis
755 470 787 492 v·
823 459 949 492 leviter
979 460 1132 493 curvatis
1162 461 1324 504 utrinqve
1354 461 1413 494 vix
1440 461 1632 495 attenuatis
1656 463 1757 495 obtu-

293 527 351 568 sis,
390 526 540 570 hyalinis
585 526 760 569 gelatinae
799 526 926 566 tenuis,
967 527 1162 570 pellucidae
1199 527 1320 568 instar,
1358 527 1559 561 inferiorem
1597 527 1756 562 foliorum

292 591 450 626 Pteridis
486 593 650 638 paginam
687 593 724 625 in
764 593 939 626 consortio
969 592 1170 626 Dothideae
1199 592 1355 626 Pteridis
1382 605 1568 638 occupans.
1629 595 1758 638 Sporas

293 659 448 694 nondum
478 660 686 700 invenimus,
711 669 780 692 sec.
803 659 921 693 Cooke
941 659 1005 693 hae
1022 663 1108 693 sunt
1129 661 1323 703 elongatae,
1345 661 1561 705 tffiseptatae,
1581 661 1754 706 hyalinae.

426 780 465 817 4.
524 776 604 817 Ph.
635 776 780 817 Junci
811 776 947 830 (Fam
978 777 1092 818 Fccx.
1126 777 1264 831 Symb.
1296 790 1399 831 myc.
1430 792 1470 831 p.
1503 779 1595 818 216.

427 854 593 896 Stroma
621 855 934 909 parenchymati
958 855 1156 905 innatum,
1178 855 1273 908 plus
1294 855 1428 897 minus
1449 855 1760 910 longitudinali-

292 937 358 975 ter
387 932 575 983 effusum,
606 937 742 982 tenue,
774 933 935 974 fuscum
972 933 1034 974 vel
1067 933 1355 982 fusco-atrum,
1390 934 1643 987 epidermide
1673 934 1757 987 pri-

293 1012 418 1053 mitus
461 1012 691 1061 immutata,
732 1025 753 1052 e
793 1011 953 1052 cellulis
993 1011 1238 1064 prominulis
1274 1012 1553 1061 tuberculosa,
1594 1012 1758 1053 demum

292 1091 553 1132 fuscescente
590 1094 631 1131 et
662 1103 788 1143 supra
819 1090 1011 1131 cellulam
1042 1089 1247 1144 singulam
1276 1091 1507 1144 nigricante
1538 1089 1759 1144 longitudi-

294 1169 524 1222 naliterqve
553 1169 721 1210 tandem
750 1169 905 1209 rimosa
937 1172 1105 1209 tectum.
1171 1168 1355 1210 Cellulae
1391 1169 1582 1218 seriatae,
1618 1167 1759 1221 primi-

294 1252 360 1289 tus
391 1247 434 1287 in
465 1250 663 1288 stromate
693 1247 925 1296 immersae,
958 1247 1120 1288 demum
1146 1250 1416 1300 emergentes,
1438 1247 1657 1288 tubercula
1676 1246 1759 1287 for-

295 1330 472 1374 mantes,
504 1325 804 1378 sphaeroideae
834 1325 898 1366 vel
917 1339 1064 1378 parum
1086 1338 1362 1377 compressae,
1384 1325 1494 1365 intus
1515 1324 1760 1365 albido·far-

295 1406 399 1452 ctae,
428 1403 625 1444 minutae.
675 1403 772 1444 Asci
792 1402 1034 1443 brevissime
1054 1402 1305 1455 pedicellati‚
1329 1402 1592 1456 cylindracei‚
1614 1401 1758 1455 longit.

295 1482 460 1523 60-85
491 1495 643 1529 mmm,
685 1481 847 1522 crassit.
880 1483 985 1521 7—8
1017 1495 1154 1520 mmm.
1222 1480 1380 1533 Sporae
1421 1482 1554 1529 8znae,
1595 1479 1760 1532 obliqve

292 1559 579 1601 monostichae
618 1558 680 1599 vel
717 1558 1096 1607 submonostichae,
1128 1557 1392 1611 oblongatae‚
1424 1558 1564 1611 spurie
1593 1557 1759 1610 unisep-

291 1641 419 1686 tatae,
437 1637 612 1678 luteolo-
628 1636 692 1678 vel
714 1636 1126 1691 chlorino-hyalinae,
1144 1636 1198 1677 ad
1218 1640 1380 1689 septum
1397 1650 1479 1678 non
1496 1637 1757 1686 constrictae,

292 1717 436 1770 longit.
459 1717 597 1756 9—10
618 1729 768 1765 mmm,
792 1717 953 1756 crassit.
971 1716 1122 1764 3-3,5
1147 1730 1282 1755 mmm.
1322 1715 1584 1769 Paraphyses
1607 1715 1758 1756 discre-

292 1799 372 1845 tae,
403 1793 629 1836 filiformes.

425 1880 561 1914 Exsicc.
620 1879 898 1922 KARsmFung.
930 1879 1040 1912 Fenn.
1075 1876 1166 1912 671.

424 1962 533 2004 Hab.
592 1961 639 2001 In
671 1960 842 2002 calamis
873 1961 1001 2002 aridis
1030 1961 1162 2002 Junci
1189 1960 1481 2015 conylomerati
1511 1964 1552 2002 et
1570 1961 1614 2002 J.
1638 1961 1760 2016 effusi

291 2042 334 2083 in
363 2041 521 2082 Fennia
550 2039 824 2087 meridionali,
856 2038 1024 2092 passim.
1085 2038 1297 2079 Perennis.

424 2126 521 2160 Haec
558 2136 642 2159 vera
676 2123 917 2168 Phyllaekora
952 2123 1061 2156 Junci
1096 2124 1219 2164 Fncx„
1250 2127 1418 2167 qvantum
1448 2134 1491 2158 ex
1520 2124 1755 2168 descriptione

292 2195 335 2227 ab
364 2194 426 2227 illo
455 2194 479 2226 1.
502 2203 530 2226 c.
563 2193 646 2225 data
675 2192 882 2226 concludere
912 2202 1106 2235 possumuS,
1137 2190 1226 2223 forte
1257 2201 1394 2234 qvoqve
1424 2191 1548 2224 Friesii
1576 2189 1756 2234 Sphaeria

292 2259 407 2301 Junci,
439 2270 504 2293 nec
536 2259 667 2293 Cookei
696 2258 877 2291 Dotkidea
907 2257 1024 2299 szd,
1057 2267 1144 2301 qvae
1174 2258 1293 2300 generi
1322 2258 1619 2302 Leptosphaeriae
1648 2258 1754 2291 adnu-

292 2327 459 2361 meranda
489 2327 545 2359 sit.

426 2435 462 2474 5.
522 2431 601 2471 Ph.
633 2430 834 2471 Trifolii
865 2430 1021 2482 (Pisas.)
1052 2429 1169 2469 Fuca.
1202 2427 1339 2481 Symb.
1371 2441 1473 2481 myc.
1504 2441 1544 2481 p.
1575 2429 1669 2469 218.

424 2509 645 2563 Mycelium
680 2508 722 2548 in
752 2507 1073 2560 parenchymate
1102 2506 1191 2547 folii
1221 2509 1374 2554 natum,
1406 2505 1591 2546 maculas
1621 2506 1753 2546 fusce-

292 2592 468 2636 scentes,
514 2588 649 2629 forma
692 2591 732 2628 et
771 2585 1053 2640 magnitudine
1092 2585 1227 2625 varias
1264 2585 1447 2625 formans
1482 2584 1751 2636 primitusqve

291 2665 451 2719 hyphas
486 2664 528 2704 in
558 2665 712 2718 pagina
739 2664 935 2704 inferiore
964 2662 1240 2703 fasciculatim
1271 2650 1545 2714 erumpentes,
1578 2666 1750 2711 erectas,

291 2743 603 2790 monilisormes,
644 2741 900 2790 articulatas,
937 2754 1097 2782 sursum
1124 2740 1390 2790 incrassatas,
1422 2739 1653 2781 atrofuscas
1682 2753 1750 2793 ge-
