1856 3177
394 203 470 243 154

330 329 469 382 longa,
509 328 551 368 in
591 327 900 382 sterigmatibus
941 327 1202 378 brevissimis,
1233 341 1359 381 parce
1390 328 1577 377 ramosis,
1608 328 1793 370 solitarie

330 407 581 460 acrogena“.

467 492 548 536 Syn.
607 489 837 525 Merostoma
876 491 1155 535 verrucaefowne
1191 491 1356 525 Aonasw.
1388 492 1425 524 in
1460 492 1547 525 ΕΑΒ.
1580 492 1689 536 Fung.
1720 502 1791 526 eur.

329 570 563 615 Diatvypella
593 570 800 603 tocciaeana
829 570 997 603 NITSGHK.
1029 570 1110 614 Pyr.
1142 580 1250 613 germ.
1283 581 1316 614 p.
1352 566 1414 604 8'2.

465 650 601 683 Exsicc.
661 649 749 682 ΗΑΒ.
783 648 892 691 Fung.
925 659 996 681 eur.
1031 644 1122 682 253.
1181 649 1315 683 KARs'r.
1347 649 1457 692 Fung.
1491 649 1600 682 Fenn.
1633 646 1723 682 783.

465 733 572 774 Hab.
632 732 679 772 In
708 731 879 772 ramulis
910 731 1011 772 Azm·
1039 733 1214 773 incanae
1242 734 1283 772 et
1312 730 1414 772 Alm'
1440 732 1670 786 ylutinosae
1700 745 1794 785 pas-

330 811 410 851 sim
441 811 590 852 saltem
618 811 660 850 in
690 810 847 851 Fennia
878 809 1051 851 australi
1082 812 1123 850 et
1150 809 1288 850 media
1319 809 1481 862 (Wasaz
1512 810 1633 863 ipse).

466 898 586 940 Margo
617 897 796 930 stromatis
825 897 900 929 basi
928 896 1066 929 dilatati
1086 906 1149 940 per
1168 895 1414 940 peridermium
1435 896 1608 929 interdum
1629 900 1668 929 ut
1688 907 1795 930 annu-

330 966 385 998 lus
415 965 514 1008 niger
543 964 747 997 translucet.

465 1060 509 1084 ²⁸*
536 1059 585 1098 D.
608 1056 1025 1112 nigro-annulata
1045 1056 1397 1109 (Gnssv.)N1Tscm.·.
1416 1056 1508 1110 Pyr.
1529 1070 1653 1111 germ.
1672 1070 1711 1110 p.
1729 1058 1794 1098 81.

466 1137 631 1178 Stroma
671 1149 902 1189 erumpens,
940 1135 1142 1176 lateribus
1177 1135 1428 1188 peridermio
1458 1135 1569 1177 varie
1598 1135 1794 1184 lacerato,

329 1216 538 1258 interdum
570 1214 846 1256 substellatim
874 1212 971 1255 fisso
1002 1213 1205 1262 vestitum,
1236 1213 1388 1255 vertice
1409 1214 1577 1264 nudato,
1600 1226 1794 1263 convexo,

329 1296 497 1336 demum
533 1294 665 1347 nigro,
708 1306 904 1334 verrucae
943 1292 1084 1341 forme,
1126 1292 1542 1341 truncato-conicum,
1588 1292 1796 1333 subhemi-

330 1373 607 1426 sphaericum,
650 1371 964 1412 suborbioulare
1004 1370 1067 1411 vel
1105 1370 1437 1424 subangulatum‚
1473 1370 1647 1412 subinde
1678 1370 1795 1424 ellip-

328 1452 528 1499 soideum‚
562 1451 784 1491 discretum
815 1450 879 1491 vel
909 1449 1132 1499 confluens,
1164 1449 1267 1489 latit.
1294 1450 1440 1498 1,5-3
1462 1464 1556 1489 mm.
1611 1449 1796 1491 Peritbe-

328 1531 397 1571 cia
433 1542 576 1571 mono·
614 1528 678 1569 vel
717 1528 906 1577 disticha,
947 1529 1081 1568 2—25
1112 1527 1155 1568 in
1185 1527 1346 1581 singulo
1377 1531 1591 1575 stromate,
1623 1527 1794 1569 ovoidea

329 1609 394 1650 vel
434 1606 803 1661 subsphaemidea,
842 1611 985 1646 mutua
1024 1606 1238 1659 pressione
1269 1605 1477 1660 angulata,
1510 1606 1669 1647 ostiolis
1699 1606 1792 1659 plus

331 1688 465 1728 minus
502 1685 760 1740 prominulis‚
793 1684 1205 1734 comeo-rotundatis,
1235 1684 1407 1738 integris
1438 1684 1502 1726 vel
1531 1684 1793 1726 subradiato·

327 1765 521 1815 stellatis,
559 1765 725 1806 tandem
763 1777 888 1817 saepe
920 1763 1096 1816 eupulae
1125 1763 1326 1805 formibus
1365 1767 1407 1805 et
1443 1763 1636 1817 pertusis.
1695 1764 1792 1805 Asci

328 1848 503 1899 anguste
535 1844 696 1892 clavati,
729 1843 968 1897 longissime
998 1841 1249 1896 pedioellati,
1274 1842 1417 1896 longit.
1441 1843 1633 1883 90—-180
1654 1856 1790 1882 mmm.

324 1926 385 1978 (p.
417 1923 592 1977 sporif.),
625 1922 786 1964 erassit.
819 1924 956 1963 9-14
986 1936 1122 1962 mmm.
1182 1920 1339 1974 Sporae
1369 1921 1556 1963 nonnihil
1585 1924 1789 1971 curvatae,

326 2002 458 2044 dilute
488 2002 783 2049 fuscescentes‚
815 2000 957 2054 longit.
989 2002 1097 2042 5-8
1127 2014 1278 2049 mmm,
1310 1999 1470 2041 crassit.
1505 2001 1567 2049 1‚5
1598 2014 1734 2040 mmm.

462 2089 544 2132 Syn.
596 2087 773 2131 Sphaeria
801 2086 1103 2130 Myro-annulata
1124 2086 1235 2119 (ἷκεν.
1259 2085 1311 2119 Fl.
1334 2085 1436 2119 Edin.
1459 2097 1492 2129 p.
1516 2082 1606 2119 358.
1656 2085 1786 2129 Sphae-

324 2155 385 2188 1νέα
414 2155 592 2198 anyulata
622 2155 683 2187 ΕΒ.
715 2154 806 2198 Syst.
839 2164 927 2197 myc.
957 2153 1003 2194 11,
1035 2164 1068 2197 p.
1103 2150 1181 2186 390
1213 2156 1248 2185 et
1276 2153 1435 2186 Emncu.
1463 2153 1574 2195 Fung.
1598 2153 1642 2192 II,
1664 2163 1698 2197 p.
1724 2150 1785 2186 78.

334 2232 447 2266 Valsa
477 2232 652 2276 anyulata
685 2233 746 2266 FR.
779 2232 909 2266 Summ.
942 2231 1030 2274 Veg.
1061 2231 1185 2264 Scand.
1216 2241 1249 2274 p.
1283 2228 1374 2263 411.

459 2312 593 2344 Exsicc.
654 2311 716 2344 Fu.
748 2311 856 2344 Scler.
889 2310 987 2343 Svec.
1021 2305 1085 2342 72.
1144 2309 1232 2342 ΗΑΒ.
1264 2308 1375 2352 Fung.
1408 2319 1480 2342 eur.
1517 2305 1632 2342 1022.

458 2393 565 2434 Hab.
625 2392 672 2433 In
705 2392 875 2433 ramulis
906 2392 1082 2433 Betulae
1113 2405 1134 2433 e
1165 2391 1321 2433 Fennia
1350 2390 1610 2432 meridionali
1640 2390 1785 2433 saltem

322 2471 378 2513 ad
423 2471 753 2513 Ostrobottniam
793 2471 956 2525 (Wasaz
996 2471 1104 2524 ipse)
1147 2483 1274 2523 usqve
1319 2470 1488 2523 passim.
1555 2469 1692 2511 Etiam
1733 2469 1783 2510 ad

323 2550 506 2591 ramulos
541 2549 691 2604 Coryli.

456 2637 633 2670 Stromata
669 2646 783 2680 saepe,
814 2639 853 2669 ut
883 2636 918 2668 in
948 2634 998 2667 D.
1031 2634 1246 2675 moniacam,
1279 2634 1524 2678 peridermium
1555 2644 1702 2678 superne
1733 2637 1781 2667 te-

320 2713 409 2745 gens
449 2704 606 2747 circaqve
645 2703 776 2736 discum
817 2706 855 2735 ut
894 2702 1080 2746 plurimum
1118 2701 1320 2746 depressum
1359 2701 1451 2735 linea
1487 2701 1645 2734 circulari
1683 2701 1781 2744 nigra

321 2771 622 2804 circumscribunt.
