1856 3177
349 209 429 249 100

426 339 554 375 Generi
583 336 884 381 Leptosphaeriae
914 339 1009 369 certe
1039 334 1299 368 adnumeranda
1329 335 1383 366 est
1411 332 1496 365 haec
1521 332 1664 376 species,
1687 331 1752 364 etsi

292 409 506 456 paraphyses
535 405 689 439 nondum
719 404 812 437 visae
843 406 935 436 sunt.
995 402 1138 435 Format
1166 400 1319 434 maculas
1348 399 1489 443 griseas,
1518 399 1681 432 minutas.

425 492 447 516 ’¹‘
476 490 522 530 L.
552 486 812 543 typhicola
842 485 986 526 KARST.

428 579 582 622 Similis
613 579 660 620 L.
681 577 921 625 maculanti,
951 575 1024 616 sed
1044 572 1273 627 perithecia
1293 571 1424 625 magis
1447 570 1648 623 dispersa,
1671 582 1755 609 ma·

289 662 385 715 jora
414 658 537 714 (latit.
567 658 636 706 0,2
665 656 793 708 mm.)‚
823 651 1234 707 innato-prominulam,
1267 651 1431 692 demum
1459 662 1583 702 saepe
1605 647 1757 689 semili-

294 742 409 790 bera,
450 748 599 791 sperae
639 737 769 782 (imae,
810 732 1038 781 trisfichae,
1080 732 1325 783 9-septatae‚
1366 729 1420 769 ad
1458 731 1576 780 septa
1614 727 1757 768 leviter

297 816 558 878 constrictae,
596 813 724 855 dilute
759 811 914 860 fuscae,
946 810 1089 863 longit.
1121 809 1286 851 38—-52
1316 821 1467 857 mmm.‚
1499 806 1647 848 crassit
1677 807 1756 847 8—

300 900 350 940 10
381 910 518 937 mmm.

429 984 537 1026 Hab.
596 983 644 1023 In
683 981 855 1023 calamis
893 977 1226 1032 putrescentibus
1269 977 1436 1031 Typhae
1472 975 1676 1030 latifoliae
1707 974 1759 1015 ad

299 1064 495 1107 Mustiala
523 1075 664 1104 mense
695 1059 868 1101 Octobri
897 1070 1023 1111 parce
1053 1057 1173 1098 lecta.

434 1200 471 1239 5.
530 1197 574 1237 L.
606 1194 866 1249 typharum
897 1192 1029 1245 (ΗΑΒ.)
1060 1190 1179 1230 ΚΑΝΤ.

432 1285 668 1329 Perithecia
706 1296 865 1336 sparsa,
905 1280 1058 1322 vertice
1099 1278 1274 1319 subinde
1312 1277 1396 1318 late
1435 1275 1762 1318 conoideo-atte·

300 1371 426 1409 nuato
457 1366 706 1418 emergente,
738 1358 1072 1402 suborbicularia
1100 1361 1277 1410 tuncqve
1308 1354 1662 1408 subsphaeroidea
1692 1358 1763 1394 aut

300 1444 557 1499 essipsofflea,
589 1440 747 1496 glabra,
778 1442 881 1487 atra,
912 1436 1056 1490 longit.
1082 1436 1299 1477 160—200
1320 1448 1472 1483 mmm,
1499 1432 1604 1474 latit.
1631 1433 1761 1472 120—

306 1526 384 1566 150
404 1536 541 1563 mmm.
573 1523 645 1562 aut
671 1519 795 1560 diam.
820 1518 899 1557 190
920 1529 1056 1555 mmm.
1107 1513 1205 1554 Asci
1227 1512 1453 1566 oblongati,
1474 1511 1566 1552 basi
1585 1511 1627 1551 in
1648 1511 1763 1564 pedi-

303 1603 453 1644 cellum
482 1599 769 1642 brevissimum
799 1593 1016 1643 contracti,
1046 1592 1191 1646 longit.
1225 1592 1388 1632 70—80
1418 1604 1568 1639 mmm,
1601 1589 1760 1630 crassit.

303 1684 352 1723 21
385 1694 522 1721 mmm.
580 1677 738 1729 Sporae
778 1676 910 1721 8÷nae‚
953 1670 1155 1712 distichae
1191 1669 1254 1710 vel
1284 1667 1589 1716 subtristiohae,
1621 1666 1763 1707 oblon-

302 1763 437 1813 gatae,
467 1756 657 1808 utrinqve
688 1753 875 1800 obtusae,
908 1752 1156 1803 3-septatae,
1187 1747 1241 1789 ad
1271 1751 1391 1800 septa
1415 1746 1481 1786 vix
1502 1745 1762 1792 constrictae,

302 1836 507 1885 ourvulae,
548 1833 677 1875 dilute
715 1831 859 1879 flavae,
897 1829 1040 1882 longit.
1073 1828 1237 1867 21—24
1275 1839 1425 1874 mmm,
1464 1823 1625 1865 crassit.
1657 1824 1762 1863 8-9

303 1929 440 1956 mmm.
499 1912 760 1965 Paraphyses
790 1908 1017 1950 filiformes.

435 2013 518 2056 Syn.
548 2014 584 2044 et
604 2009 738 2043 Exsicc.
769 2005 949 2051 Sphaeria
969 2002 1165 2046 Sci‘tpicola
1185 2013 1258 2034 var.
1285 2000 1490 2044 Typharmn
1510 2000 1621 2033 DEsM.
1642 1999 1763 2043 Crypt-

302 2081 427 2114 Frane.
460 2078 514 2112 ed.
546 2077 593 2116 Π,
628 2071 744 2108 1428.
804 2071 982 2116 Sphaeria
1016 2069 1050 2102 T
1043 2069 1222 2113 ypharmn
1251 2068 1340 2101 ΕΑΒ.
1371 2067 1479 2100 Herb.
1511 2077 1600 2110 myc.
1632 2066 1685 2099 ed.
1717 2065 1763 2104 ΙΙ,

305 2144 397 2180 731.
457 2143 659 2187 Pleospora
693 2139 897 2185 Typlzarnm
925 2138 1035 2171 FUCK.
1064 2136 1182 2180 Symb.
1214 2145 1301 2178 myc.
1335 2145 1368 2178 p.
1396 2131 1483 2174 137,
1514 2136 1538 2166 t.
1561 2132 1625 2173 III,
1655 2131 1677 2164 f.
1706 2128 1764 2165 15.

438 2236 546 2279 Hah.
593 2235 657 2275 Ad
688 2234 870 2275 calamos
900 2233 1185 2284 putrescentes
1212 2229 1250 2268 T
1247 2228 1379 2282 yphae
1401 2226 1605 2281 latifoliae
1625 2238 1764 2266 mense

306 2319 493 2371 Augusto
523 2315 566 2355 in
595 2311 793 2354 Mustiala
821 2322 947 2363 parce
979 2307 1154 2349 obvenit.

407 2459 410 2461 ·
441 2451 476 2491 6.
535 2448 580 2487 L.
612 2442 975 2496 microscopica
1004 2440 1145 2481 KARST.
1178 2439 1305 2492 Fung.
1329 2439 1370 2478 in
1397 2437 1561 2491 Spetsb.
1585 2440 1626 2478 et
1645 2436 1763 2477 Beer.

227 2562 231 2568 .
307 2529 383 2570 En.
417 2543 457 2582 p.
492 2529 582 2569 102.

440 2614 673 2657 Perithecia
703 2625 861 2665 sparsa,
892 2611 1046 2658 innata,
1079 2607 1364 2660 sphaeroidea,
1395 2605 1553 2659 papilla
1581 2603 1766 2644 minutis-

309 2696 414 2737 sima
444 2708 517 2748 per
547 2691 841 2747 epidermidem
872 2690 1122 2741 erumpente,
1154 2685 1313 2740 glabra,
1345 2688 1447 2733 atra,
1476 2683 1579 2723 latit.
1603 2669 1767 2723 circiter

313 2774 391 2814 100
422 2786 556 2812 mmm.
607 2771 705 2811 Asci
733 2751 972 2810 brevissime
1003 2764 1252 2819 pedicellati‚
1282 2760 1657 2817 elongato-clavati,
1679 2759 1766 2800 lon-
