1856 3177
387 222 440 262 86

465 351 502 389 6.
560 349 605 389 L.
639 349 826 389 nucula
856 349 962 402 (FB.)
995 349 1056 389 DE
1083 349 1130 390 N.
1164 350 1324 391 Schem.
1358 350 1462 391 Sfer.
1493 364 1532 402 p.
1565 353 1631 392 46.

468 427 703 469 Perithecia
740 441 888 481 sparsa
924 428 986 469 vel
1024 428 1306 482 subgregaria,
1338 429 1792 482 innato-superficialia,

329 505 513 557 ovoidea,
555 507 701 556 laevia,
741 520 884 559 opaca,
924 507 1114 559 primitus
1156 507 1304 548 ostiolo
1344 507 1630 556 minutissimo,
1666 508 1791 557 brevi,

329 585 590 639 cylindraceo
635 585 698 626 vel
743 599 993 638 compresso,
1034 586 1129 626 dein
1172 586 1332 638 papilla
1376 586 1541 635 amissa,
1586 600 1689 638 poro
1733 587 1794 627 la·

327 663 506 705 tiusculo
533 668 713 717 pertusa,
736 664 868 717 nigra,
891 664 995 704 latit.
1026 665 1219 713 0,3—0,5
1246 679 1341 705 mm.
1388 665 1485 705 Asci
1512 665 1793 718 cylindraceo-

328 742 490 793 clavati,
523 743 690 791 curvuli,
722 743 866 796 longit.
890 744 1079 783 90—-125
1112 757 1262 792 mmm„
1287 743 1446 784 crassit.
1473 745 1632 807 lO—l4
1654 758 1790 785 mmm.

328 820 487 872 Sporae
527 823 658 870 Stnae,
701 816 915 870 distichae,
957 821 1176 874 elongatae
1217 821 1279 861 vel
1320 821 1581 874 oblongatae,
1621 823 1791 876 guttulis

326 901 351 939 4
397 900 634 953 majusculis
680 900 895 952 praeditae
939 899 1003 940 vel
1047 901 1304 951 3—septatae,
1349 899 1484 940 medio
1530 900 1791 950 constrictae,

326 977 740 1032 chlorino-hyalinae,
773 978 917 1031 longit.
950 979 1126 1028 20—26,
1168 992 1262 1019 raro
1305 979 1406 1018 —35
1446 993 1596 1028 mmm,
1629 980 1790 1020 crassit.

326 1056 432 1095 5-8
464 1071 601 1098 mmm.
661 1058 924 1110 Paraphyses
953 1056 1179 1106 filiformes,
1212 1057 1401 1110 graciles,

457 1143 541 1186 Syn.
601 1143 780 1187 Sphaeria
820 1143 952 1176 nucula
987 1144 1050 1176 FR.
1083 1144 1174 1187 Syst.
1207 1154 1294 1187 myc.
1336 1143 1381 1184 ΙΙ,
1416 1154 1450 1186 p.
1483 1138 1574 1177 466.
1634 1143 1791 1187 Lophio-

323 1213 437 1242 stoma
457 1210 589 1243 nucula
612 1211 720 1244 FUOK.
744 1211 862 1254 Symb.
886 1221 973 1254 myc.
997 1222 1030 1254 p.
1059 1208 1147 1243 156.
1195 1210 1306 1244 OOOK.
1330 1211 1417 1243 Brit.
1441 1211 1552 1253 Fung.
1575 1211 1620 1250 II,
1638 1222 1671 1254 p.
1698 1208 1787 1244 849.

458 1281 565 1323 Hab.
626 1283 691 1322 Ad
722 1283 918 1323 corticem
941 1283 1186 1322 crassiorem
1213 1281 1405 1332 Quercus,
1427 1281 1578 1322 Salicis
1602 1282 1789 1336 fragilis,

324 1361 481 1414 Populi
507 1363 663 1415 niyrae,
687 1362 828 1402 Acer-is
851 1361 1114 1416 platanoiclis
1135 1364 1175 1401 et
1200 1362 1269 1401 Ac.
1293 1362 1531 1416 campestris
1561 1360 1604 1400 in
1635 1360 1790 1401 Fennia

324 1438 586 1479 meridionali
616 1440 785 1492 passim.
821 1441 1017 1480 Perenne.

457 1532 493 1570 7.
552 1530 596 1571 L.
630 1531 813 1583 duplex
843 1531 986 1571 KAusr.
1019 1518 1147 1584 Fung.
1181 1530 1305 1571 Fenn.
1338 1529 1486 1570 exsicc.
1519 1531 1611 1571 970.

454 1607 690 1648 Perithecia
720 1609 923 1662 gregaria,
945 1609 1057 1662 ligno
1088 1608 1294 1649 infuscato
1327 1606 1622 1660 superficieqve
1652 1607 1788 1661 nigre-

321 1683 432 1725 facto
462 1685 670 1736 immersa,
711 1688 998 1740 sphaeroidea,
1040 1688 1134 1740 plus
1174 1686 1307 1727 minus
1346 1700 1596 1738 compressa,
1636 1685 1785 1726 ostiolo

320 1764 569 1816 prominulo,
611 1780 862 1819 compresso,
902 1767 1061 1815 lineari,
1104 1770 1206 1816 atra,
1246 1765 1352 1806 latit.
1385 1765 1550 1806 circiter
1585 1766 1651 1813 0,3
1691 1778 1783 1805 mm.

319 1842 418 1882 Asci
440 1843 704 1897 cylindracei,
726 1846 870 1900 longit.
897 1848 974 1886 100
989 1848 1114 1886 ρ120
1136 1859 1285 1894 mmm„
1309 1845 1468 1886 crassit.
1493 1846 1629 1885 9-10
1649 1859 1784 1885 mmm.

323 1920 482 1973 Sporae
527 1925 658 1973 82nae,
700 1924 864 1977 obliqve
902 1924 1198 1972 monostichae,
1241 1923 1502 1977 oblongatae,
1541 1926 1680 1964 rectae
1723 1922 1787 1963 vel

322 1998 554 2050 subrectae,
599 2003 770 2057 guttulis
811 2007 836 2044 4
878 2003 1118 2056 majusculis
1156 2003 1306 2051 foetae,
1345 2002 1552 2055 simplices
1593 2002 1657 2043 vel
1696 2002 1785 2043 uni-

322 2082 523 2130 septatae,
554 2095 650 2122 raro
681 2083 820 2134 spurie
850 2082 1030 2123 tenuiter
1066 2083 1312 2134 3-septatae,
1346 2081 1399 2121 ad
1436 2084 1555 2132 septa
1585 2081 1647 2122 vel
1677 2081 1785 2122 inter

321 2159 504 2212 guttulas
535 2160 796 2210 constrictae,
828 2159 1238 2213 chlorino-hyalinae,
1268 2159 1411 2212 longit.
1446 2160 1605 2200 18—23
1632 2173 1782 2209 mmm,

321 2237 481 2278 crassit.
514 2239 621 2278 5-7
654 2254 791 2280 mmm.
851 2239 1111 2291 Paraphyses
1140 2237 1365 2286 filiformes,
1398 2237 1731 2291 gracilescentes.

454 2317 561 2358 Hab.
620 2318 667 2357 In
698 2318 810 2372 ligno
841 2331 1049 2359 ramorum
1080 2317 1381 2357 exsiccatorum
1412 2315 1565 2357 Salicis
1595 2325 1629 2358 et
1659 2317 1781 2360 Sorbi

320 2396 531 2437 mensibus
562 2397 695 2449 Aprili
725 2400 765 2437 et
796 2397 905 2449 Majo
937 2409 1066 2449 prope
1096 2394 1293 2435 Mustiala
1322 2395 1488 2447 parcius
1518 2395 1704 2448 legimus.

452 2482 617 2516 Partibus
647 2483 796 2516 internis
827 2493 903 2515 cum
942 2481 988 2515 L.
1020 2480 1161 2522 nucula,
1200 2481 1354 2514 externis
1392 2491 1468 2513 cum
1504 2479 1549 2513 L.
1582 2490 1777 2524 compresso

319 2549 405 2582 satis
436 2550 608 2592 congruit.

452 2633 490 2673 8.
548 2633 593 2673 L.
626 2636 882 2673 crenatum
913 2631 1019 2683 (Fa.)
1049 2631 1165 2672 Fucx.
1197 2630 1334 2684 Symb.
1366 2644 1469 2683 myc.
1500 2644 1539 2682 p.
1576 2632 1664 2671 157.

450 2712 686 2752 Perithecia
730 2724 876 2763 sparsa
922 2710 984 2751 vel
1028 2710 1228 2763 gregaria,
1269 2709 1381 2762 ligno
1418 2708 1481 2748 vel
1518 2707 1663 2748 cortici
1701 2707 1776 2746 im-

317 2802 464 2838 mersa,
498 2789 646 2831 deinde
667 2790 760 2842 plus
784 2790 916 2830 minus
939 2789 1204 2842 emergentia,
1235 2786 1601 2840 subsphaeroidea,
1625 2785 1774 2826 ostiolo
