1856 3177
1493 221 1517 261 5

96 346 182 387 rius
219 349 372 396 rectae,
403 346 568 387 fuscae·
618 344 885 399 Paraphyses
914 342 1142 395 filiformes,
1175 345 1400 400 simplices,
1430 347 1575 390 inarti-

97 423 273 465 culatae.

230 511 343 554 Fungi
387 509 537 553 majores
581 510 638 544 vel
681 510 886 552 mediocres,
932 512 1045 555 ligni-,
1091 512 1206 554 corti-,
1244 523 1325 547 raro
1364 512 1573 557 fungicolae,

95 589 278 623 perennes.

227 684 296 726 Ν.
356 685 727 726 NUMMULARIA
763 670 857 727 Τιίι.
919 687 1000 728 Sel.
1033 688 1161 742 rung.
1195 688 1317 742 carp.
1349 688 1402 738 11,
1432 702 1472 742 p.
1504 691 1573 731 42.

228 764 393 806 Stroma
432 764 680 815 orbiculare,
719 765 1007 819 cupuliforme,
1046 771 1167 821 parte
1196 768 1393 809 immersa
1422 783 1447 810 a
1477 768 1575 810 sub-

94 844 249 886 stantia
279 843 481 885 substrati
512 845 652 898 specie
674 845 893 886 immutata
913 846 1248 900 nigro-limitata,
1270 850 1391 900 parte
1413 860 1575 889 emersa

92 925 265 978 propria
302 925 547 979 composita,
580 924 800 979 superficie
830 926 1055 980 nigricans.
1115 927 1352 968 Perithecia
1382 926 1575 968 stromati

92 1004 381 1058 periphaerice
413 1009 454 1046 et
484 1006 743 1046 monostiche
772 1006 981 1056 immersa,
1010 1020 1174 1060 magna,
1203 1019 1437 1056 numerosa,
1467 1009 1572 1047 atra.

93 1085 191 1126 Asci
231 1085 492 1134 subsessiles,
535 1084 800 1138 cylindracei.
867 1085 1027 1138 Sporae
1066 1087 1200 1135 8:nae,
1235 1085 1401 1138 obliqve
1430 1098 1574 1127 mono·

92 1164 263 1213 stichae,
306 1164 672 1217 subellipsoideae,
709 1164 899 1205 nonnihil
928 1165 1293 1217 inaeqvilaterales
1324 1165 1388 1206 vel
1418 1168 1572 1206 rectae.

93 1267 144 1273 ——
191 1242 366 1284 Conidia
410 1243 486 1284 sub
533 1243 746 1284 stromatis
790 1243 1002 1284 immaturi
1047 1248 1179 1286 strato
1226 1258 1420 1298 supremo
1460 1247 1572 1293 nata,

93 1321 240 1363 deinde
270 1321 417 1372 libera,
449 1322 740 1375 sphaeroidea,
772 1316 953 1376 hyalina,
984 1322 1277 1364 minutissima.

225 1401 268 1425 *²¹*
300 1400 532 1454 Simplices.

226 1503 273 1543 V.
334 1503 663 1544 ROSELLINIA
701 1503 792 1544 Cns.
826 1508 867 1545 et
896 1504 958 1544 DE
989 1504 1037 1544 N.
1099 1503 1260 1545 Schem.
1294 1504 1398 1545 Sfer.
1430 1518 1469 1558 p.
1505 1505 1571 1546 53.

225 1582 462 1624 Perithecia
489 1582 678 1624 conferta
703 1582 768 1624 vel
795 1597 954 1636 sparsa,
978 1582 1260 1636 superficialia
1281 1583 1345 1625 vel
1364 1583 1573 1633 immersa,

94 1661 370 1714 sphaeroidea
407 1661 471 1702 vel
512 1662 699 1712 ovoidea,
738 1666 784 1703 ut
823 1662 1046 1715 plurimum
1082 1662 1301 1715 papillata,
1342 1666 1574 1712 crustaeea,

93 1740 259 1794 fragilia
294 1739 359 1781 vel
394 1740 682 1794 liguescentia,
722 1741 1012 1791 crassiuscula,
1053 1740 1212 1795 glabra,
1251 1754 1347 1782 raro
1376 1741 1575 1791 setulosa,

94 1819 301 1860 interdum
340 1819 571 1873 byssiseda,
611 1824 714 1875 atra.
775 1821 874 1862 Asci
915 1820 1180 1875 cylindracei.
1242 1821 1401 1873 Sporae
1440 1823 1574 1871 8:nae,

94 1899 392 1948 monostichae,
426 1899 678 1953 oblongatae
709 1899 772 1941 vel
803 1899 1087 1953 ellipsoideae,
1118 1899 1361 1952 plerumqve
1391 1899 1575 1953 inaeqvi-

93 1978 303 2028 laterales,
337 1978 561 2031 simplices,
592 1979 748 2020 fuscae.
808 1979 1071 2033 Paraphyses
1101 1977 1330 2029 filiformes,
1366 1979 1574 2021 interdum

95 2058 390 2099 coalescentes.

228 2144 371 2188 Species
401 2144 567 2186 minutae,
598 2144 701 2187 ligni·
729 2145 785 2178 vel
818 2145 1016 2179 corticolae.

227 2251 296 2292 VI.
356 2251 693 2293 HYPOCOPRA
737 2252 821 2306 (Fr.
864 2252 1019 2294 Summ.
1052 2253 1154 2307 Veg.
1199 2253 1349 2294 Scand.
1390 2267 1430 2306 p.
1463 2253 1576 2306 397).

96 2330 211 2370 Fucx.
273 2330 410 2383 Symb.
444 2345 546 2385 myc.
580 2345 620 2384 p.
651 2315 747 2372 240.

227 2409 464 2450 Perithecia
509 2410 697 2452 conferta
741 2411 806 2452 vel
851 2424 1012 2464 sparsa,
1056 2410 1154 2452 fimo
1200 2411 1476 2452 subimmersa
1512 2410 1578 2452 vel

94 2489 330 2537 insidentia,
374 2489 648 2539 carbonacea,
688 2490 1163 2544 ovoideo-sphaeroidea
1193 2490 1258 2532 vel
1287 2490 1578 2544 sphaeroidea,

95 2568 246 2610 ostiolo
283 2568 568 2622 papilliformi,
601 2569 760 2623 glabra,
795 2573 897 2611 atra..
955 2570 1055 2611 Asci
1083 2569 1339 2624 pedicellati,
1371 2569 1578 2623 cylindra-

95 2647 170 2695 cei,
210 2648 319 2689 inter
358 2661 506 2700 sporas
537 2649 764 2690 constricti.
825 2649 986 2702 Sporae
1018 2651 1150 2698 8.nae,
1183 2648 1347 2701 obliqve
1378 2648 1578 2690 monosti-

95 2727 210 2776 chae,
243 2727 515 2780 ellipsoideae
536 2728 600 2769 vel
620 2728 1204 2782 sphaeroideo·ellipsoideae,
1226 2728 1383 2778 fuscae,
1405 2741 1578 2781 opacae,

95 2806 251 2848 circulo
282 2806 451 2861 hyalino
483 2807 778 2850 circumdatae.
