1856 3177
1405 192 1486 233 239

62 317 189 364 tatae,
241 314 296 356 ad
345 318 509 368 septum
558 315 767 359 levissime
817 316 1089 366 constrictae,
1139 317 1346 372 hyalinae,
1396 319 1545 374 longit.

65 394 230 434 10—14
260 407 413 442 mmm,
441 393 604 434 crassit.
636 395 745 435 4—5
777 409 916 437 mmm.
967 395 1232 449 Paraphyses
1253 397 1364 438 haud
1387 398 1545 440 discre-

61 474 142 521 tae,
174 485 314 513 massa
343 484 542 526 grumosa
567 471 965 516 fulvescente-fusca
994 475 1200 518 obtectae.

195 549 303 591 Hab.
361 549 411 590 In
449 549 563 604 ligno
594 551 773 593 Betulae
803 554 923 594 albae
954 557 996 594 et
1023 553 1149 596 Sorbi
1178 558 1437 611 aucuparz'ae
1468 571 1547 610 pu-

59 630 268 668 trescente
298 627 342 668 in
370 641 462 681 par.
494 628 707 671 Tammela
736 631 950 672 mensibus
981 631 1092 686 Majo
1123 635 1165 674 et
1187 631 1424 686 Septembri
1443 648 1542 688 par-

61 706 226 747 cissime
256 705 423 748 lectum.

196 790 322 825 Glom‘o
358 793 546 837 emeryenti
577 791 674 836 (Fa.)
703 795 794 828 DUB.
828 796 1053 838 simillimum,
1085 798 1199 842 sporis
1229 809 1313 832 vero
1343 800 1543 834 minoribus

57 860 307 904 reactioneqve
334 860 454 904 jodica
484 861 552 894 alia
582 862 772 896 diversum.

190 979 229 1017 4.
291 976 363 1018 Gl.
394 991 690 1032 pygmaeum
722 979 866 1021 Kansr.
900 980 1039 1034 Symb.
1072 982 1179 1036 Myc.
1212 983 1339 1024 Fenn.
1371 998 1412 1038 p.
1440 986 1538 1026 259.

191 1055 428 1098 Perithecia
459 1056 745 1112 subgregaria,
779 1061 1047 1113 emergentia,
1071 1062 1320 1115 ellipsoidea
1340 1064 1404 1105 vel
1426 1064 1540 1106 orbi-

57 1133 228 1184 cularia,
259 1138 387 1185 recta,
420 1136 463 1176 in
494 1136 617 1178 siccis
639 1141 790 1188 atrata,
814 1151 959 1191 opaca,
983 1140 1098 1182 disco
1120 1142 1352 1193 rimiformi,
1374 1144 1540 1196 perexi-

54 1227 136 1267 gua
172 1214 335 1268 (longit.
368 1216 563 1266 0,1—O,2
595 1231 705 1267 mm„
737 1217 844 1258 latit.
876 1220 939 1268 0,1
975 1226 1103 1273 mur).
1163 1222 1262 1262 Asci
1292 1222 1539 1264 brevissime

52 1293 310 1346 pedicellati,
342 1293 847 1350 obovoideo-ellipsoidei,
873 1298 975 1351 jodo
1001 1299 1164 1342 intense
1187 1301 1537 1352 coerulescentes,

52 1371 199 1426 longit.
230 1374 398 1415 40-50
429 1388 582 1425 mmm,
615 1375 778 1417 crassit.
812 1377 977 1418 20—26
1009 1392 1147 1419 mmm,
1209 1379 1369 1433 Sporae
1399 1382 1535 1431 82nae,

54 1451 351 1505 conglobatae,
401 1453 893 1508 ovoideo·ellipsoideae,
939 1457 1224 1510 uniseptatae,
1270 1459 1325 1500 ad
1369 1463 1534 1514 septum

52 1530 318 1581 constrictae,
358 1531 564 1586 hyalinae,
606 1533 750 1588 longit.
794 1536 957 1577 15—18
998 1551 1150 1587 mmm„
1192 1539 1354 1580 crassit.
1397 1541 1535 1582 7-10

51 1623 190 1650 mmm.
249 1610 514 1665 Paraphyses
543 1612 831 1665 parcissimae,
864 1628 1069 1656 ramosae.

184 1700 293 1742 Hab.
353 1702 418 1743 Ad
458 1702 615 1758 lignum
655 1707 863 1745 vetustum
898 1706 1100 1761 Juniperi
1133 1706 1215 1748 fine
1246 1709 1400 1751 mensis
1431 1710 1534 1765 Maji

48 1779 90 1819 in
121 1779 320 1822 Mustiala
350 1780 530 1823 obvium.

186 1877 241 1911 Gl.
274 1879 464 1923 emeryentz’
498 1884 535 1914 et
575 1879 631 1914 Gl.
664 1881 871 1925 excipiendo
902 1883 1017 1925 affine,
1048 1885 1292 1928 magnitudine
1323 1897 1406 1921 vero
1437 1889 1532 1932 peri·

47 1945 154 1979 thecii
183 1947 295 1980 multo
325 1947 453 1980 minori
483 1948 809 1993 paraphysibusqve
840 1950 936 1984 nulla
966 1963 1082 1985 massa
1102 1963 1266 1996 grumosa
1287 1955 1445 1998 apicibus
1466 1957 1530 1990 ob·

46 2013 152 2047 tectis
181 2014 362 2048 recedens.

181 2129 220 2170 5.
283 2128 354 2170 Gl.
386 2130 570 2172 striola
600 2131 709 2185 (Fa.)
738 2132 882 2175 KAnsr.
915 2134 1054 2188 Symb.
1088 2136 1194 2190 Myc.
1217 2137 1343 2178 Fenn.
1365 2152 1405 2191 p.
1429 2140 1527 2180 260.

180 2208 419 2250 Perithecia
455 2210 663 2265 gregaria,
693 2210 859 2253 demum
889 2213 1071 2267 plurima
1100 2215 1143 2256 in
1174 2217 1304 2258 series
1335 2217 1531 2271 longissi-

44 2298 135 2327 mas
177 2287 404 2339 parallelas
443 2288 790 2340 subconfluentia,
830 2291 1290 2347 innato—superficialia,
1331 2296 1528 2350 elongata

45 2364 110 2406 vel
136 2364 325 2416 linearia,
357 2366 616 2418 tenuissima,
646 2369 886 2411 humefacta
916 2371 1040 2413 labiis
1061 2374 1367 2427 nigricantibus
1390 2376 1527 2418 disco-

45 2457 122 2497 qve
153 2448 301 2498 aperto
330 2445 725 2502 fuligineo-pallido,
758 2450 871 2491 sicca
903 2451 1058 2502 clausa,
1091 2457 1196 2503 atra,
1225 2454 1370 2509 longit.
1404 2455 1527 2497 circi·

43 2526 109 2564 ter
138 2525 206 2573 0,3
238 2538 350 2574 mm„
382 2526 543 2568 crassit.
573 2541 605 2568 s.
634 2528 740 2569 latit.
768 2531 833 2578 0‚1
867 2545 963 2571 mm.
1009 2531 1108 2573 Asci
1135 2532 1379 2576 brevissime
1407 2536 1528 2588 pedi-

45 2601 185 2643 cellati
229 2603 293 2643 vel
337 2602 599 2656 subsessiles,
639 2607 1130 2663 obovoideo-ellipsoidei
1168 2612 1232 2653 vel
1271 2613 1525 2656 obovoideo-

46 2679 274 2735 oblongati,
306 2681 452 2735 longit.
483 2686 650 2727 44—60
679 2701 832 2737 mmm„
856 2688 1018 2729 crassit.
1045 2691 1206 2731 18—24
1230 2706 1368 2733 mmm.
1418 2694 1522 2747 Spo-

43 2773 115 2801 rae
146 2761 278 2810 82nae,
311 2762 600 2816 conglobatae,
639 2766 1120 2821 ovoideo-ellipsoideae,
1152 2771 1429 2825 uniseptatae,
1467 2775 1523 2815 ad
