1856 3177
312 238 391 278 242

385 364 492 405 Hab.
552 363 599 404 In
644 363 798 404 cortice
842 361 964 403 Sorba·
1009 362 1273 416 Aucaymriae
1315 362 1475 400 vetusto
1505 359 1546 398 in
1580 357 1717 411 oppid.

251 443 511 497 Helsingfors
542 442 833 496 (Kaisaniemi)
863 441 1030 482 ineunte
1062 453 1199 481 mense
1232 439 1468 492 Septembri
1489 438 1612 479 unica
1632 438 1717 478 vice

255 536 279 562 a
308 521 428 564 nobis
459 521 692 563 observata.

386 620 594 665 Hymenium
622 619 777 664 juvenile
810 629 896 662 vage
928 620 1064 652 intense
1095 618 1311 652 coerulescit.
1372 617 1535 650 Laciniae
1574 616 1718 659 cupulae

253 688 374 722 cortici
406 688 631 722 snbadnatae.
691 687 858 731 Seqventi
889 690 943 720 sat
973 687 1104 720 similis.

670 814 812 855 XLIV.
873 812 1179 854 OCELLARIA
1211 812 1305 851 Tm..

391 919 425 958 1.
487 918 567 958 Oc.
598 930 746 958 aurea
776 916 868 956 Tui..
903 915 982 956 Sel.
1017 915 1143 967 Fung.
1177 914 1298 965 Carp.
1332 913 1403 958 III,
1436 927 1473 965 p.
1512 915 1601 953 129.

387 996 617 1049 Apothecia
647 1009 795 1048 sparsa
825 995 886 1035 vel
918 994 1119 1048 gregaria,
1152 993 1305 1046 passim
1339 992 1527 1032 conserta
1557 996 1597 1032 et
1628 1006 1721 1032 coa-

249 1074 459 1123 lescentia,
483 1088 557 1127 per
579 1074 872 1127 epidermidem
889 1073 1085 1113 stellatim
1103 1071 1242 1112 fissam
1260 1072 1524 1124 erumpentia
1541 1071 1720 1111 laciniis-

252 1167 327 1205 qve
358 1154 445 1206 ejus
476 1154 568 1193 laxe
600 1154 746 1203 cincta,
777 1153 965 1205 primitus
990 1151 1548 1204 sphaeroideo-depressaet
1566 1151 1719 1197 clausa,

258 1246 351 1272 mox
396 1236 552 1284 aperta,
592 1232 897 1284 patelliformia,
932 1231 1115 1284 margine
1147 1230 1351 1281 inaeqvali
1383 1231 1444 1270 vel
1475 1230 1721 1271 lacero-fini..

254 1311 404 1359 briato,
450 1310 859 1358 albido-furfuraceo‚
892 1323 1029 1357 aurea,
1063 1309 1269 1361 epithecio
1301 1322 1440 1357 aureo,
1473 1310 1621 1349 deinde
1653 1324 1722 1349 au-

255 1388 463 1429 reo-fusco
509 1389 571 1428 vel
616 1388 812 1436 badiello,
858 1387 1384 1435 carnoso-subtreinellosa‚
1422 1387 1525 1427 latit.
1559 1388 1724 1427 circiter

259 1469 281 1507 6
314 1482 406 1505 mm.
467 1467 562 1506 Asci
607 1466 971 1520 elongato-clavati
1016 1466 1078 1507 vel
1110 1456 1416 1518 shboblongaffi,
1446 1465 1595 1514 obtusi,
1627 1466 1722 1505 sub-

257 1545 436 1593 sessiles,
491 1545 632 1598 longit.
692 1546 908 1585 100—140
960 1559 1110 1593 mmm.⁷
1156 1545 1314 1585 crassit.
1366 1546 1526 1585 19—30
1572 1559 1718 1593 mmm„

254 1624 372 1675 apice
397 1624 498 1675 jode
527 1623 637 1663 haud
668 1623 1011 1664 coerulescentes.
1073 1624 1230 1675 Sporae
1262 1625 1392 1671 Sume,
1427 1623 1640 1671 distichae,
1664 1623 1719 1663 el—

252 1701 491 1754 lipsoideae‚
546 1703 783 1754 plerumqve
834 1702 995 1755 guttula
1039 1702 1160 1742 unica
1205 1701 1434 1754 majuscula
1478 1701 1716 1749 instructae,

252 1780 372 1833 vulgo
425 1783 575 1829 rectae,
627 1781 817 1832 primitus
867 1782 1058 1825 luteolae,
1110 1781 1278 1820 tandem
1323 1781 1527 1834 hyalfflae,
1574 1780 1714 1833 longit.

256 1861 418 1899 22—38
452 1874 601 1908 mmm,
635 1861 795 1901 crassit.
834 1862 993 1900 12-15
1026 1875 1159 1899 mmm.
1212 1860 1472 1913 Paraphyses
1492 1859 1718 1907 filiformes,

253 1938 474 1990 simplices,
508 1939 752 1991 guttulatae⁷
787 1938 975 1991 apicibus
1006 1940 1274 1988 incrassatae,
1308 1952 1459 1979 aureae
1483 1943 1521 1978 et
1543 1938 1718 1991 glutina-

253 2020 333 2065 tae⁷
368 2018 527 2058 crassit.
557 2019 721 2059 circiter
743 2020 766 2057 3
790 2033 923 2057 mmm.
948 2042 997 2046 —
1022 2017 1223 2072 Pycnides
1245 2018 1473 2071 apotheciis
1495 2018 1716 2065 immixtae,

255 2095 379 2135 immo
410 2096 564 2148 passim
596 2096 786 2137 verticem
810 2097 872 2137 vel
894 2096 1026 2136 latera
1047 2097 1256 2137 stromatis
1279 2096 1576 2149 apotheciigeri
1598 2110 1717 2136 occu-

254 2177 401 2224 pantes
449 2174 659 2226 juvenilis,
716 2175 859 2214 cortici
912 2174 1130 2214 immersae
1187 2174 1517 2226 epidermideqve
1570 2178 1716 2223 tectae,

255 2251 502 2299 discoideae,
548 2252 652 2291 lat-it.
704 2255 805 2292 1—-2
854 2267 947 2292 mm.
1009 2253 1276 2306 Stylosporae
1315 2266 1390 2305 per
1423 2252 1715 2304 epidermidem

254 2334 426 2384 anguste
465 2330 641 2371 foratam
674 2331 736 2371 vel
766 2331 946 2372 laceram
977 2332 1018 2371 in
1049 2332 1179 2372 cirros
1212 2345 1375 2372 crassos
1406 2332 1536 2379 albos,
1570 2332 1715 2372 deinde

250 2408 388 2449 fuscos
432 2412 642 2458 exeuntes,
689 2410 1132 2464 ovoicleo-oblongatae
1175 2411 1238 2451 vel
1268 2410 1549 2462 ellipscideae,
1578 2414 1716 2451 rectae

253 2487 313 2527 vel
344 2487 492 2528 leniter
522 2488 726 2537 curvulae,
760 2489 980 2541 simplices,
1015 2490 1155 2542 longit.
1188 2491 1352 2530 30—-50
1383 2505 1532 2539 mmm.7
1556 2490 1713 2530 crassit.

256 2567 416 2606 13—16
449 2581 583 2606 mmm.
645 2567 894 2620 Sterigniata
924 2581 1100 2616 ramosa,
1130 2581 1283 2608 crassa.

357 2662 466 2706 'Sym
524 2662 652 2695 Pezixa
695 2663 885 2696 Lecanora
932 2665 1040 2698 SGHM.
1087 2669 1122 2697 et
1166 2666 1280 2698 KUNZ.
1326 2677 1394 2699 exs.
1448 2664 1521 2698 174
1568 2678 1609 2699 ex
1652 2667 1711 2699 Fa.

250 2727 364 2760 Stictz's
407 2728 597 2761 Lecanom
644 2730 703 2763 Fa.
735 2731 825 2773 Syst.
857 2742 944 2774 myc.
978 2732 1023 2771 ΙΙ,
1056 2743 1087 2774 p.
1126 2730 1212 2773 193,
1245 2737 1280 2765 et
1312 2733 1441 2766 Sumin.
1473 2734 1558 2776 Veg.
1590 2733 1713 2766 Scand.

248 2805 279 2837 p.
314 2792 402 2827 373.
463 2795 606 2829 WALLR.
638 2797 728 2829 Flor.
771 2802 879 2841 crypt.
926 2798 1042 2831 Germ.
1088 2800 1132 2838 II⁷
1183 2811 1213 2842 p.
1262 2798 1350 2834 443.
1410 2800 1536 2833 Petita
1567 2800 1711 2832 ocellata
