1856 3177
1450 199 1502 241 55

219 336 257 375 3.
317 335 386 375 Ph
416 334 629 375 foedans
661 333 805 372 KARsr.

220 414 384 455 Stroma
422 413 569 455 cortici
607 412 700 453 basi
740 412 979 452 immersum
1019 407 1351 463 peridermioqve
1390 409 1560 456 tectum,

88 492 335 540 orbiculare,
363 489 1006 544 hemisphaerico-applanatum,
1030 485 1265 529 substantia
1287 485 1453 526 corticis
1474 484 1561 525 fere

85 573 303 612 immutata
339 570 576 611 formatum.
642 568 880 609 Perithecia
910 568 952 608 in
984 566 1148 621 singulo
1179 568 1380 607 stromate
1412 566 1434 604 7
1442 563 1561 612 —25,

86 650 348 692 concentrice
379 648 653 697 monosticha,
682 648 777 701 plus
802 647 937 687 minus
961 647 1088 687 dense
1110 645 1311 694 conferta,
1334 642 1563 696 subsphae-

85 730 242 778 roidea,
282 732 426 779 mutua
466 727 682 781 pressione
720 726 931 780 angulata,
970 729 1074 766 atra.
1136 724 1299 765 Ostiola
1327 723 1371 763 in
1403 723 1563 763 discum

87 808 149 849 vel
185 807 447 849 tuberculum
487 806 737 855 disciforme,
768 819 844 858 per
874 804 1171 858 periclermium
1202 815 1436 855 erumpens,
1468 800 1563 854 plus

85 887 219 928 minus
260 886 553 940 protuberans,
588 889 736 935 atrum,
769 885 903 926 forma
933 883 1061 933 varia,
1093 882 1335 935 plerumqve
1365 880 1564 922 rotunda-

85 971 184 1014 tum,
222 967 414 1015 o,5-—1,5
448 980 542 1005 mm.
574 965 704 1005 latum
737 964 928 1012 collecta,
960 976 1055 1003 raro
1086 962 1181 1015 plus
1212 961 1347 1001 minus
1384 963 1562 1008 exserta,

86 1045 233 1086 obtuse
279 1044 494 1086 conoidea.
570 1044 668 1085 Asci
715 1042 981 1097 cylindracei,
1027 1041 1172 1095 longit.
1216 1041 1376 1081 75—85
1422 1053 1560 1079 mmm.

85 1125 201 1177 (pars
224 1123 399 1176 sporif.),
424 1123 585 1164 crassit.
610 1123 717 1163 5—ss
740 1137 878 1161 nnnm.
927 1121 1086 1174 Sporae
1109 1122 1239 1167 82nae,
1262 1117 1562 1168 monostichae,

86 1202 350 1256 oblongatae,
382 1202 574 1254 utrinqve
602 1202 790 1251 obtusae,
823 1201 946 1254 vulgo
977 1203 1130 1249 rectae,
1151 1199 1334 1240 tenuiter
1352 1198 1565 1250 unisepta-

85 1286 153 1323 tae
184 1282 248 1323 vel
279 1281 570 1335 Q-guttula-tae,
603 1281 656 1322 ad
689 1284 852 1333 septum
881 1279 993 1320 haud
1016 1278 1282 1327 constrictae,
1304 1277 1447 1318 fuscae
1469 1275 1564 1330 (sub

86 1361 232 1414 micr.),
274 1360 417 1415 longit.
454 1362 614 1401 10—15
649 1375 800 1410 mmm„
834 1359 984 1400 crassit
1013 1360 1122 1399 4-—5
1153 1372 1291 1398 mmm.
1351 1356 1565 1410 Paraphy-

87 1454 152 1482 ses
184 1441 404 1488 discretae,
435 1438 663 1489 filiforines,
696 1439 942 1493 guttulatae,
974 1438 1165 1492 graciles.

219 1539 302 1583 Syn.
337 1540 372 1571 et
402 1537 539 1570 Exsicc.
572 1537 709 1570 KARST.
740 1537 851 1579 Fung.
886 1536 999 1569 Fcnn.
1033 1532 1111 1570 982
1153 1533 1234 1577 (sub
1273 1546 1366 1568 nom.
1405 1530 1564 1575 „Antho-

85 1611 196 1640 stoma
220 1602 438 1650 foedans“).

220 1688 328 1730 Hab.
390 1688 436 1728 In
467 1688 594 1728 ramis
627 1687 755 1728 aridis
787 1688 890 1727 Alm·
921 1687 1032 1727 circa
1057 1685 1255 1727 Mustiala
1275 1685 1431 1739 passim
1454 1697 1563 1726 vere.

221 1788 352 1831 Sporac
391 1786 555 1830 expulsae
592 1786 726 1819 discum
755 1788 944 1829 partesqve
976 1785 1116 1819 corticis
1146 1775 1419 1828 adjacentesut
1447 1783 1564 1828 pulvis

88 1856 338 1890 onmem-ater
369 1854 572 1898 saepissime
604 1855 788 1897 obtegunt.

346 1971 416 2011 XI.
478 1969 934 2011 AMPHISPHAERIA
967 1968 1058 2009 Csss.
1091 1971 1132 2009 et
1162 1968 1224 2008 DE
1255 1967 1303 2008 N.

226 2075 259 2112 1.
321 2072 486 2125 Amph.
519 2070 753 2125 Xylostei
784 2070 940 2123 (Petis.)
975 2069 1034 2109 DE
1066 2068 1113 2109 N.
1138 2068 1242 2109 Sfer.
1265 2068 1351 2109 ital.
1374 2082 1413 2121 p.
1438 2070 1503 2118 71,
1533 2070 1562 2108 t.

87 2151 271 2192 LXXIV.

223 2230 459 2272 Perithecia,
490 2244 638 2283 sparsa
668 2229 731 2270 vel
761 2229 1056 2282 adproximata
1086 2228 1255 2277 seriata,
1286 2230 1411 2277 tecta,
1434 2240 1565 2268 emer-

90 2310 241 2365 gentia,
274 2309 564 2363 sphaeroidea,
598 2309 759 2350 ostiolis
792 2308 1019 2357 conoideis,
1051 2307 1171 2360 apice
1202 2306 1498 2356 subtruncatis,
1521 2305 1565 2346 in

90 2388 254 2429 macula
283 2388 402 2442 nigra
432 2387 692 2441 prominulis,
714 2401 818 2440 poro
841 2387 989 2441 exiguo
1011 2385 1237 2435 hiantibus,
1258 2385 1437 2440 fragilia,
1460 2388 1564 2426 atra.

92 2468 189 2508 Asci
204 2467 446 2508 brevissime
462 2466 715 2520 pedicellati,
735 2466 1000 2520 cylindracei,
1018 2465 1161 2519 longit.
1178 2465 1564 2514 140—1501nmm.‚

92 2547 251 2587 crassit.
289 2547 447 2587 10-11
488 2561 625 2586 mmm.
694 2546 852 2598 Sporae
890 2547 1022 2594 Sznae,
1064 2544 1230 2597 obliqve
1266 2543 1564 2594 monostichae,

92 2625 374 2679 ellipsoideae,
406 2624 470 2665 vel
500 2623 1081 2678 sphaeroideo-ellipsoideae,
1111 2622 1232 2677 vulgo
1263 2622 1402 2675 spurie
1433 2622 1566 2663 tenui-

91 2709 156 2745 ter
184 2705 459 2756 uuiseptatae,
491 2704 627 2745 medio
658 2718 742 2745 non
772 2703 1036 2752 constrictae,
1058 2702 1213 2752 fuscae,
1234 2701 1378 2756 longit.
1403 2703 1564 2744 15-17

93 2797 243 2832 mmm„
276 2782 438 2824 crassit.
472 2785 609 2823 9—10
638 2798 776 2823 mmm.
836 2782 1097 2837 Pal-aphyses
1128 2780 1318 2836 graciles,
1349 2780 1509 2822 breves.
