1856 3177
311 185 390 225 226

722 313 790 353 XI.
851 313 1123 354 TYMPANIS
1156 313 1252 354 Ton.

390 417 425 455 1.
485 415 527 455 T.
559 428 836 468 conspersa
868 391 936 455 Fa.
970 415 1075 469 Syst.
1108 429 1209 469 myc.
1242 415 1291 465 II,
1325 430 1363 468 p.
1401 418 1490 457 175.

385 505 616 558 Apothecia
646 505 701 567 in·
720 506 925 559 caespites
957 506 1235 547 subrotundos
1266 520 1340 558 per
1368 507 1563 547 corticem
1585 520 1717 547 erum-

252 586 397 636 pentes
438 584 596 624 sociata
627 585 689 636 (ut
718 584 939 636 plurimum
974 586 1134 625 10-—20
1164 585 1360 638 insimul),
1394 585 1572 626 breviter
1602 586 1717 639 stipi-

249 665 349 712 tata,
381 663 511 716 nigra.
572 663 732 715 Uupula
762 663 952 715 primitus
984 663 1126 704 clausa
1155 667 1196 704 et
1227 664 1501 717 sphaeroidea
1522 665 1584 705 vel
1607 665 1716 705 ovoi-

251 741 339 790 dea,
387 741 534 782 deinde
579 745 725 794 aperta
769 746 809 782 et
855 742 1195 796 hemisphaerica,
1241 743 1407 784 tandem
1452 743 1545 796 plus
1582 743 1715 783 minus

250 833 434 873 expansa
464 820 726 873 margineqve
759 820 1054 874 subinaeqvali,
1087 820 1399 862 albo-farinosa.
1462 822 1556 862 Asci
1589 822 1714 875 cylin-

250 899 401 948 dracei,
448 893 714 947 obtusissimi,
753 899 896 952 longit.
933 901 1148 941 120--170
1180 914 1328 949 mmm„
1359 900 1519 941 crassit.
1554 901 1715 941 15—20

248 993 383 1018 mmm.
416 979 522 1031 (sine
553 978 718 1031 sporis).
780 978 937 1030 Sporae
968 992 1048 1019 non
1081 978 1203 1019 visae.
1264 979 1523 1032 Paraphyses
1569 978 1714 1020 filifor-

247 1070 345 1106 mes,
392 1057 509 1109 apice
555 1057 752 1105 clavatae,
791 1057 945 1105 fuscae,
979 1056 1298 1109 conglutinatae.
1332 1081 1381 1084 ——
1415 1058 1714 1110 Spermogonia

246 1136 487 1189 saepissime
516 1136 761 1188 caespitosa,
785 1139 1003 1189 segregata
1025 1135 1087 1175 vel
1108 1135 1337 1187 apotheciis
1359 1135 1556 1185 immixta,
1579 1136 1711 1176 forma

245 1217 370 1266 varia,
404 1216 640 1268 plerumqve
673 1214 902 1255 obovoidea
934 1214 994 1255 vel
1026 1213 1533 1266 sphaeroideo-conoidea,
1557 1215 1708 1254 vertice

245 1298 412 1335 acutata
456 1294 519 1334 vel
565 1293 726 1342 obtusa,
773 1293 902 1346 nigra.
963 1293 1196 1345 Spermatia
1241 1291 1446 1344 elongata,
1492 1296 1607 1332 recta
1650 1292 1712 1333 vel

245 1374 449 1422 subrecta,
481 1373 696 1421 incoloria,
728 1372 870 1424 longit.
903 1373 1011 1411 3-4
1043 1385 1192 1417 mmm„
1226 1370 1385 1410 crassit.
1421 1373 1487 1419 0,5
1521 1386 1654 1410 mmm.

375 1471 455 1514 Syn.
516 1470 641 1501 Ρυτὶευ,
685 1468 925 1512 spleaerioides
969 1469 1080 1501 ROTH.
1127 1468 1161 1500 in
1207 1468 1319 1500 PAULI
1360 1467 1490 1500 USTERI
1521 1467 1614 1500 Ami.
1647 1468 1708 1501 der

245 1539 324 1571 Bot.
354 1538 371 1570 I
401 1535 543 1579 (1791)
575 1549 606 1581 p.
644 1536 701 1577 ll,
733 1541 756 1569 t.
797 1536 824 1574 l,
858 1536 876 1568 f.
911 1534 931 1568 6
964 1534 1046 1576 (sec.
1078 1535 1215 1575 Auctt.)
1270 1534 1344 1567 Peg.
1379 1534 1468 1577 J'Jsri
1498 1536 1601 1568 Plias.
1624 1537 1704 1578 Syn.

243 1605 352 1648 Fung.
385 1616 416 1648 p.
450 1602 521 1638 671
561 1608 596 1637 et
626 1605 713 1648 Myc.
745 1614 815 1636 eur.
847 1604 872 1644 I,
905 1615 936 1646 p.
970 1599 1059 1635 327.
1123 1601 1197 1634 Pez.
1236 1602 1547 1645 sphaericus&ruzi<
1578 1602 1704 1637 (sm-hl*

242 1672 333 1711 cola)
364 1672 520 1704 REBENT.
579 1671 629 1703 Fl.
662 1682 773 1704 neom.
805 1682 836 1713 p.
870 1662 950 1703 387'
979 1680 1045 1702 sec.
1077 1670 1159 1702 Tun.
1204 1668 1277 1700 [ἐκ.
1311 1669 1572 1711 cmzylomeram
1599 1670 1703 1702 Wan-

242 1747 342 1771 LENB.
374 1738 465 1770 Flor.
496 1738 603 1780 Lapp.
635 1733 777 1777 (1812)
808 1748 839 1779 p.
875 1733 963 1768 534.
1024 1734 1196 1778 Sphaeri«
1236 1746 1426 1777 conspersae
1465 1736 1526 1768 ΕΗ.
1558 1737 1592 1767 in
1627 1736 1702 1768 Ver.

240 1805 306 1837 Ak.
338 1805 465 1838 Handl.
501 1801 615 1843 1817,
646 1816 678 1847 p.
715 1800 800 1836 112,
863 1802 1077 1844 (aucupium,
1109 1800 1340 1844 Am‘nparlae
1372 1803 1457 1834 BAL.
1480 1803 1570 1845 Syst.
1594 1803 1702 1845 Fung.

239 1872 284 1911 II,
330 1884 362 1916 p.
410 1869 459 1904 60
496 1876 531 1904 et
572 1867 633 1911 91,
676 1876 699 1903 t.
737 1868 793 1911 19,
826 1881 913 1913 qvae
945 1870 1245 1902 adumbrationem
1276 1869 1473 1901 Todeanam
1506 1868 1701 1911 Sphaeriae

238 1940 452 1981 caespzltosae
483 1938 565 1971 Tod.
596 1950 665 1971 non
696 1941 864 1970 mutatam
896 1938 1004 1970 tradit
1033 1935 1118 1977 (sec.
1150 1936 1240 1976 Tul.)
1285 1935 1478 1978 Τμηψαηὶε
1509 1947 1696 1978 conspersa

237 2085 380 2118 conulos
411 2086 534 2118 breves
565 2087 759 2127 assurgunt.
819 2084 940 2116 Priora
972 2094 1012 2115 ex
1044 2086 1142 2115 utero
1174 2082 1321 2125 simplici
1343 2083 1531 2125 spermatia
1553 2087 1695 2115 vomunt·

234 2152 371 2184 exiliter
401 2152 775 2191 filiformi-lanceolata,
807 2151 841 2183 in
873 2162 988 2182 arcum
1021 2153 1237 2182 contractum
1269 2153 1421 2190 curvata,
1450 2154 1484 2181 et
1510 2147 1556 2181 15
1579 2162 1693 2183 mmm.

234 2218 372 2251 circiter
401 2219 520 2261 longa;
559 2218 720 2262 pycnidia
752 2228 832 2249 vero
864 2218 932 2249 suis
964 2217 996 2249 in
1030 2216 1219 2259 parietibus
1251 2217 1448 2248 cavernosis
1479 2217 1693 2260 stylosporas

232 2286 379 2328 gignunt
421 2285 783 2325 lineari-lanceolataS,
829 2284 913 2316 mire
943 2284 1121 2322 flexuosas,
1153 2284 1345 2323 continuas,
1378 2284 1540 2327 utrinqve
1572 2289 1692 2317 acutas

231 2355 266 2384 et
295 2353 400 2395 triplo
432 2352 568 2385 circiter
598 2352 794 2395 spermatiis
824 2352 1007 2393 longiores.
1068 2351 1190 2383 Discus
1220 2351 1441 2382 scutellarum
1474 2354 1583 2384 strato
1614 2355 1689 2384 atro

229 2419 374 2461 tegitur3
418 2420 540 2452 thecae
582 2420 752 2452 obovatae
782 2430 808 2451 s.
839 2419 1004 2458 clavatae,
1037 2417 1355 2461 paraphysibusqve
1385 2418 1534 2460 stipatae
1566 2429 1686 2461 sporas

228 2485 590 2527 lineari-lanceolatas‚
622 2486 784 2529 utrinqve
815 2490 942 2526 acutas,
967 2482 1127 2518 35—45
1150 2495 1263 2516 mmm.
1286 2485 1416 2526 longas,
1441 2482 1546 2517 3—-4
1569 2497 1683 2519 mmm.

228 2562 370 2593 crassas,
414 2554 583 2596 plasmate
628 2554 744 2586 oleoso
788 2553 942 2593 refertas,
989 2562 1051 2584 nec
1094 2562 1163 2584 non
1208 2552 1367 2584 curvillas
1412 2562 1471 2584 seu
1510 2552 1679 2585 flexuosas

228 2620 419 2653 includunt.

356 2687 543 2729 Reperitur
586 2687 697 2719 hieme
742 2697 889 2729 vereqvc
935 2687 968 2718 in
1013 2685 1140 2717 cortice
1186 2688 1384 2717 truncorum
1417 2696 1592 2718 caesorum
1626 2688 1679 2719 vel

229 2755 487 2785 demortuorum
518 2754 662 2785 Betulae
694 2754 793 2785 albae
822 2754 858 2785 L.
