1856 3177
1418 229 1496 269 179

74 345 352 399 uniseptatae,
396 345 449 386 ad
490 349 652 399 septum
691 347 802 390 haud
841 349 905 391 vel
943 350 1010 392 vix
1049 353 1315 404 constrictae,
1346 354 1552 410 hyalinae,

73 423 219 479 longit.
255 427 417 465 12—14
449 440 599 476 mmm,
632 428 793 468 crassit.
826 430 936 470 3-4
966 445 1104 472 mmm.

208 511 291 556 Syn.
355 510 564 555 Sphaerella
602 513 858 557 maczdzjsormis
895 527 947 560 pr.
980 528 1014 562 p.
1047 517 1215 553 AUERSW.
1248 519 1331 565 Syn.
1364 521 1445 566 Pyr.
1476 532 1549 555 eur.

73 589 108 622 p.
143 575 176 621 5,
204 583 229 611 t.
266 577 297 619 l,
327 578 349 612 f.
382 576 417 611 7.

209 648 316 690 Hab.
377 649 424 690 In
470 650 581 692 foliis
626 651 807 700 Qvercus
847 656 1046 698 emortuis
1086 657 1258 711 dejectis
1298 659 1341 700 in
1380 660 1550 714 regione

71 725 257 778 aboenSi,
289 728 486 779 Runsala,
518 730 642 773 Junio
676 745 816 774 mense
846 734 959 776 haud
988 736 1111 778 nimis
1141 751 1250 779 rara.

204 815 237 848 A
259 814 343 858 Sph.
362 815 504 859 vzdyarz·
523 818 712 862 praecipue
733 818 844 853 forma
864 822 1178 867 magnitudineqve
1199 835 1382 868 sporarum
1403 826 1549 861 recedit.

208 934 271 973 19.
334 933 445 986 Sph.
478 935 696 977 confinis
735 937 882 980 Kinsr.
915 939 1044 994 Fung.
1077 941 1119 981 in
1151 941 1316 995 Spetsb.
1349 947 1390 985 et
1426 944 1547 986 Beer.

68 1009 147 1050 Eil.
181 1011 274 1052 coll.
307 1026 346 1065 p.
381 1014 473 1054 106.

202 1089 438 1132 Perithecia
468 1092 730 1147 amphigena,
760 1095 953 1148 primitus
985 1098 1232 1151 epidermidi
1262 1100 1418 1152 innata,
1452 1102 1548 1143 dein

66 1167 399 1220 protuberantia,
431 1184 579 1224 sparsa
609 1172 673 1213 vel
694 1175 898 1228 gregaria,
922 1176 1211 1229 sphaeroidea,
1234 1193 1338 1232 poro
1360 1184 1545 1233 pertusa,

68 1250 172 1296 atra,
204 1247 309 1289 latit.
337 1251 554 1291 loo—120
585 1266 722 1292 mmm.
770 1254 868 1295 Asci
898 1254 1080 1296 brevite1¹
1102 1257 1344 1309 pedicellati
1365 1260 1428 1300 vel
1449 1260 1547 1301 sub-

67 1326 247 1377 sessiles‚
290 1327 473 1382 elongati
513 1330 576 1371 vel
613 1331 994 1385 elongato-clavati,
1034 1349 1129 1376 raro
1169 1337 1363 1378 deorsum
1400 1338 1547 1380 leviter

65 1404 212 1456 inflati,
244 1406 388 1461 longit.
420 1410 584 1450 45—52
617 1425 770 1461 mmm,
803 1413 965 1454 crassit.
1001 1416 1164 1456 10--13
1195 1431 1332 1456 mmm.
1385 1417 1545 1470 Sporae

66 1486 198 1534 Sznae,
240 1485 456 1537 distichae,
496 1489 952 1546 aemulari-elongatae,
992 1494 1129 1535 medio
1170 1495 1448 1549 uniseptatae,
1490 1497 1545 1538 ad

65 1567 229 1616 septum
259 1565 371 1605 haud
401 1566 465 1606 vel
495 1567 561 1607 vix
592 1569 858 1620 constrictae,
888 1571 1081 1624 hyalinae
1111 1572 1175 1614 vel
1202 1573 1544 1630 chlorino-hyali-

64 1656 155 1692 nae,
187 1643 331 1698 longit,
369 1646 529 1686 14—19
561 1661 713 1697 mmm,
746 1649 907 1690 crassit.
940 1652 1049 1691 3-5
1080 1666 1218 1693 mmm.

199 1723 306 1764 Hab.
366 1724 414 1764 In
452 1725 563 1767 foliis
603 1727 839 1770 Senecionis
881 1731 1068 1785 vulgaris
1109 1732 1331 1773 exsiccatis
1370 1734 1423 1774 ad
1454 1734 1544 1774 Mu-

65 1802 190 1843 stiala
220 1803 343 1844 unica
374 1804 461 1845 vice
491 1819 632 1847 mense
663 1811 839 1849 exeunte
870 1809 994 1851 Junio
1026 1810 1259 1852 observata.

200 1929 265 1968 20.
327 1928 436 1981 Sph.
469 1928 753 1972 Tirolensis
793 1933 977 1973 AUEnsw.
1019 1932 1114 1988 Syn.
1156 1934 1246 1989 Pyr.
1285 1949 1369 1976 eur.
1402 1950 1442 1989 p.
1475 1938 1542 1986 20,

65 2008 94 2045 t.
128 2008 163 2055 6,
196 2006 222 2046 f.
255 2007 321 2046 84.

200 2084 435 2126 Perithecia
465 2086 689 2141 epiphylla,
722 2089 926 2143 gregaria,
958 2091 1274 2145 parenchymati
1294 2092 1452 2144 innata,
1475 2094 1542 2135 vix

64 2163 314 2215 prominula,
347 2163 716 2217 subsphaeroidea,
750 2167 901 2209 ostiolo
932 2168 1090 2210 minuto
1112 2169 1284 2219 hiantia,
1308 2173 1411 2221 atra,
1433 2171 1540 2213 latit.

68 2243 288 2283 120—130
328 2258 465 2284 mmm.
527 2244 623 2285 Asci
664 2245 826 2296 clavati,
867 2247 909 2287 in
948 2247 1200 2300 pedicellum
1239 2248 1405 2291 brevem
1437 2254 1543 2292 atte-

65 2321 195 2369 nuati,
227 2321 370 2376 longit.
394 2325 560 2364 40—60
590 2338 742 2375 mmm,
775 2325 938 2366 crassit.
963 2327 1013 2367 13
1035 2341 1173 2367 mmm.
1225 2327 1384 2380 Sporae
1407 2330 1541 2380 8:nae,

67 2399 127 2441 di·
157 2400 220 2440 vel
258 2401 485 2451 tristichae,
528 2402 779 2456 oblongatae
818 2404 883 2445 vel
913 2404 1146 2459 elongatae,
1176 2407 1368 2459 utrinqve
1399 2411 1542 2449 rotun-

67 2479 202 2529 datae,
219 2484 359 2520 rectae
381 2480 444 2521 vel
465 2481 698 2532 subrectae,
715 2483 991 2535 uniseptatae,
1009 2484 1147 2525 medio
1168 2498 1252 2526 non
1274 2487 1540 2538 constrictae,

67 2558 483 2612 chlorino-hyalinae,
515 2560 659 2614 longit.
695 2563 856 2602 14--16
888 2577 1039 2612 mmm,
1073 2564 1235 2605 crassit.
1261 2566 1369 2605 4—5
1402 2581 1539 2607 mmm.

199 2645 336 2678 Exsicc.
397 2646 531 2680 KARST.
564 2647 675 2691 Fung.
710 2647 819 2683 Fenu.
855 2645 944 2682 669.

201 2717 310 2758 Hab.
369 2718 415 2758 In
451 2719 683 2775 Polypodz‘o
714 2721 885 2776 vulgari
912 2719 1204 2774 langvescente
1236 2723 1364 2764 semel
1394 2724 1436 2764 in
1466 2739 1542 2778 pa-

68 2797 207 2838 roecia
237 2797 448 2839 Tammela
480 2799 532 2839 ad
563 2799 793 2840 Paloniemi
824 2812 964 2841 mense
994 2800 1118 2842 Junio
1151 2801 1472 2845 observavimus.
