<?xml version="1.0" encoding="UTF-8"?>
<!DOCTYPE html PUBLIC "-//W3C//DTD XHTML 1.0 Transitional//EN"
    "http://www.w3.org/TR/xhtml1/DTD/xhtml1-transitional.dtd">
<html xmlns="http://www.w3.org/1999/xhtml" xml:lang="en" lang="en">
 <head>
  <title>
</title>
<meta http-equiv="Content-Type" content="text/html;charset=utf-8" />
  <meta name='ocr-system' content='tesseract 3.04.00' />
  <meta name='ocr-capabilities' content='ocr_page ocr_carea ocr_par ocr_line ocrx_word'/>
</head>
<body>
  <div class='ocr_page' id='page_1' title='image "./mycologiafennicapt12kars_0466.png"; bbox 0 0 1856 3177; ppageno 0'>
   <div class='ocr_carea' id='block_1_1' title="bbox 367 211 442 249">
    <p class='ocr_par' dir='ltr' id='par_1_1' title="bbox 367 211 442 249">
     <span class='ocr_line' id='line_1_1' title="bbox 367 211 442 249; baseline -0.013 0"><span class='ocrx_word' id='word_1_1' title='bbox 367 211 442 249; x_wconf 71' lang='lat'>170</span> 
     </span>
    </p>
   </div>
   <div class='ocr_carea' id='block_1_2' title="bbox 307 331 1777 1343">
    <p class='ocr_par' dir='ltr' id='par_1_2' title="bbox 307 331 1772 943">
     <span class='ocr_line' id='line_1_2' title="bbox 307 331 1767 387; baseline -0.005 -10"><span class='ocrx_word' id='word_1_2' title='bbox 307 335 458 377; x_wconf 85' lang='lat' dir='ltr'>vertice</span> <span class='ocrx_word' id='word_1_3' title='bbox 489 348 614 387; x_wconf 79' lang='lat' dir='ltr'>saepe</span> <span class='ocrx_word' id='word_1_4' title='bbox 644 334 738 386; x_wconf 90' lang='lat' dir='ltr'>plus</span> <span class='ocrx_word' id='word_1_5' title='bbox 769 334 952 374; x_wconf 86' lang='lat' dir='ltr'>minusve</span> <span class='ocrx_word' id='word_1_6' title='bbox 981 333 1428 380; x_wconf 80' lang='lat' dir='ltr'>conoideo-attenuata,</span> <span class='ocrx_word' id='word_1_7' title='bbox 1449 331 1590 372; x_wconf 86' lang='lat' dir='ltr'>osculo</span> <span class='ocrx_word' id='word_1_8' title='bbox 1611 331 1767 371; x_wconf 90' lang='lat' dir='ltr'>minuto</span> 
     </span>
     <span class='ocr_line' id='line_1_3' title="bbox 308 408 1768 462; baseline -0.005 -7"><span class='ocrx_word' id='word_1_9' title='bbox 308 414 476 462; x_wconf 75' lang='lat' dir='ltr'>hiantia,</span> <span class='ocrx_word' id='word_1_10' title='bbox 509 417 611 461; x_wconf 81' lang='lat' dir='ltr'>atra,</span> <span class='ocrx_word' id='word_1_11' title='bbox 643 412 748 452; x_wconf 75' lang='lat' dir='ltr'>latit.</span> <span class='ocrx_word' id='word_1_12' title='bbox 781 413 972 451; x_wconf 76' lang='lat'>60-150</span> <span class='ocrx_word' id='word_1_13' title='bbox 1002 425 1138 450; x_wconf 87' lang='lat' dir='ltr'>mmm.</span> <span class='ocrx_word' id='word_1_14' title='bbox 1198 410 1296 450; x_wconf 84' lang='lat' dir='ltr'>Asci</span> <span class='ocrx_word' id='word_1_15' title='bbox 1326 409 1493 450; x_wconf 86' lang='lat' dir='ltr'>sessiles</span> <span class='ocrx_word' id='word_1_16' title='bbox 1522 408 1587 449; x_wconf 88' lang='lat' dir='ltr'>vel</span> <span class='ocrx_word' id='word_1_17' title='bbox 1614 409 1768 450; x_wconf 88' lang='lat' dir='ltr'>brevis-</span> 
     </span>
     <span class='ocr_line' id='line_1_4' title="bbox 307 485 1768 545; baseline -0.003 -12"><span class='ocrx_word' id='word_1_18' title='bbox 307 494 410 534; x_wconf 88' lang='lat' dir='ltr'>sime</span> <span class='ocrx_word' id='word_1_19' title='bbox 450 491 701 545; x_wconf 77' lang='lat' dir='ltr'>pedicellati,</span> <span class='ocrx_word' id='word_1_20' title='bbox 742 490 906 542; x_wconf 89' lang='lat' dir='ltr'>obliqve</span> <span class='ocrx_word' id='word_1_21' title='bbox 945 488 1364 541; x_wconf 81' lang='lat' dir='ltr'>ovoideo-oblongati,</span> <span class='ocrx_word' id='word_1_22' title='bbox 1394 485 1768 539; x_wconf 73' lang='lat' dir='ltr'>inaeqvilaterales,</span> 
     </span>
     <span class='ocr_line' id='line_1_5' title="bbox 309 565 1769 625; baseline -0.004 -14"><span class='ocrx_word' id='word_1_23' title='bbox 309 573 450 625; x_wconf 83' lang='lat' dir='ltr'>longit.</span> <span class='ocrx_word' id='word_1_24' title='bbox 483 572 647 611; x_wconf 78' lang='lat'>40—80</span> <span class='ocrx_word' id='word_1_25' title='bbox 679 584 829 617; x_wconf 57' lang='lat' dir='ltr'>mmm„</span> <span class='ocrx_word' id='word_1_26' title='bbox 866 569 1028 608; x_wconf 73' lang='lat' dir='ltr'>crassit.</span> <span class='ocrx_word' id='word_1_27' title='bbox 1062 569 1220 608; x_wconf 77' lang='lat'>18—26</span> <span class='ocrx_word' id='word_1_28' title='bbox 1254 581 1388 606; x_wconf 87' lang='lat' dir='ltr'>mmm.</span> <span class='ocrx_word' id='word_1_29' title='bbox 1451 565 1607 618; x_wconf 82' lang='lat' dir='ltr'>Sporae</span> <span class='ocrx_word' id='word_1_30' title='bbox 1637 566 1769 614; x_wconf 83' lang='lat' dir='ltr'>8:nae‚</span> 
     </span>
     <span class='ocr_line' id='line_1_6' title="bbox 310 644 1772 703; baseline -0.005 -12"><span class='ocrx_word' id='word_1_31' title='bbox 310 650 600 703; x_wconf 75' lang='lat' dir='ltr'>conglobatae,</span> <span class='ocrx_word' id='word_1_32' title='bbox 633 647 1089 700; x_wconf 81' lang='lat' dir='ltr'>ovoideo-oblongatae,</span> <span class='ocrx_word' id='word_1_33' title='bbox 1122 646 1257 686; x_wconf 88' lang='lat' dir='ltr'>medio</span> <span class='ocrx_word' id='word_1_34' title='bbox 1289 644 1349 685; x_wconf 86' lang='lat' dir='ltr'>vel</span> <span class='ocrx_word' id='word_1_35' title='bbox 1379 644 1520 697; x_wconf 82' lang='lat' dir='ltr'>paullo</span> <span class='ocrx_word' id='word_1_36' title='bbox 1552 646 1670 683; x_wconf 84' lang='lat' dir='ltr'>extra</span> <span class='ocrx_word' id='word_1_37' title='bbox 1689 656 1772 684; x_wconf 85' lang='lat' dir='ltr'>me-</span> 
     </span>
     <span class='ocr_line' id='line_1_7' title="bbox 311 722 1769 779; baseline -0.005 -10"><span class='ocrx_word' id='word_1_38' title='bbox 311 729 422 769; x_wconf 83' lang='lat' dir='ltr'>dium</span> <span class='ocrx_word' id='word_1_39' title='bbox 462 728 737 779; x_wconf 76' lang='lat' dir='ltr'>uniseptatae,</span> <span class='ocrx_word' id='word_1_40' title='bbox 778 727 830 767; x_wconf 78' lang='lat' dir='ltr'>ad</span> <span class='ocrx_word' id='word_1_41' title='bbox 868 730 1030 778; x_wconf 86' lang='lat' dir='ltr'>septum</span> <span class='ocrx_word' id='word_1_42' title='bbox 1069 725 1136 764; x_wconf 80' lang='lat' dir='ltr'>vix</span> <span class='ocrx_word' id='word_1_43' title='bbox 1171 724 1233 764; x_wconf 89' lang='lat' dir='ltr'>vel</span> <span class='ocrx_word' id='word_1_44' title='bbox 1271 723 1476 763; x_wconf 89' lang='lat' dir='ltr'>levissime</span> <span class='ocrx_word' id='word_1_45' title='bbox 1508 722 1769 768; x_wconf 75' lang='lat' dir='ltr'>constrictae,</span> 
     </span>
     <span class='ocr_line' id='line_1_8' title="bbox 310 800 1771 861; baseline -0.005 -14"><span class='ocrx_word' id='word_1_46' title='bbox 310 808 500 861; x_wconf 78' lang='lat' dir='ltr'>hyalinae</span> <span class='ocrx_word' id='word_1_47' title='bbox 531 806 595 846; x_wconf 90' lang='lat' dir='ltr'>vel</span> <span class='ocrx_word' id='word_1_48' title='bbox 626 804 1038 858; x_wconf 78' lang='lat' dir='ltr'>chlorino-hyalinae,</span> <span class='ocrx_word' id='word_1_49' title='bbox 1069 803 1212 856; x_wconf 83' lang='lat' dir='ltr'>longit.</span> <span class='ocrx_word' id='word_1_50' title='bbox 1249 803 1407 841; x_wconf 76' lang='lat'>17—26</span> <span class='ocrx_word' id='word_1_51' title='bbox 1439 815 1588 849; x_wconf 72' lang='lat' dir='ltr'>mmm,</span> <span class='ocrx_word' id='word_1_52' title='bbox 1611 800 1771 840; x_wconf 73' lang='lat' dir='ltr'>cressit.</span> 
     </span>
     <span class='ocr_line' id='line_1_9' title="bbox 311 888 586 943; baseline -0.007 -17"><span class='ocrx_word' id='word_1_53' title='bbox 311 888 419 943; x_wconf 74' lang='grc'>5-9</span> <span class='ocrx_word' id='word_1_54' title='bbox 450 900 586 925; x_wconf 86' lang='lat' dir='ltr'>mmm.</span> 
     </span>
    </p>

    <p class='ocr_par' dir='ltr' id='par_1_3' title="bbox 313 972 1772 1083">
     <span class='ocr_line' id='line_1_10' title="bbox 444 972 1772 1027; baseline -0.006 -12"><span class='ocrx_word' id='word_1_55' title='bbox 444 984 526 1027; x_wconf 84' lang='lat' dir='ltr'>Syn.</span> <span class='ocrx_word' id='word_1_56' title='bbox 578 981 785 1025; x_wconf 77' lang='lat' dir='ltr'>Sphaerella</span> <span class='ocrx_word' id='word_1_57' title='bbox 819 980 1001 1012; x_wconf 69' lang='lat' dir='ltr'>Tassiana</span> <span class='ocrx_word' id='word_1_58' title='bbox 1031 979 1194 1011; x_wconf 69' lang='lat' dir='ltr'>Anmsw.</span> <span class='ocrx_word' id='word_1_59' title='bbox 1225 977 1306 1021; x_wconf 85' lang='lat' dir='ltr'>Syn.</span> <span class='ocrx_word' id='word_1_60' title='bbox 1336 977 1416 1020; x_wconf 80' lang='lat' dir='ltr'>Pyr.</span> <span class='ocrx_word' id='word_1_61' title='bbox 1451 986 1522 1008; x_wconf 82' lang='lat' dir='ltr'>eur.</span> <span class='ocrx_word' id='word_1_62' title='bbox 1547 987 1579 1019; x_wconf 90' lang='lat' dir='ltr'>p.</span> <span class='ocrx_word' id='word_1_63' title='bbox 1608 973 1667 1015; x_wconf 83' lang='lat'>17,</span> <span class='ocrx_word' id='word_1_64' title='bbox 1689 979 1714 1007; x_wconf 83' lang='lat' dir='ltr'>t.</span> <span class='ocrx_word' id='word_1_65' title='bbox 1739 972 1772 1016; x_wconf 84' lang='lat'>8,</span> 
     </span>
     <span class='ocr_line' id='line_1_11' title="bbox 313 1049 459 1083; baseline 0 0"><span class='ocrx_word' id='word_1_66' title='bbox 313 1052 334 1083; x_wconf 89' lang='lat' dir='ltr'>f.</span> <span class='ocrx_word' id='word_1_67' title='bbox 373 1049 459 1083; x_wconf 89' lang='grc'><strong>114.</strong></span> 
     </span>
    </p>

    <p class='ocr_par' dir='ltr' id='par_1_4' title="bbox 314 1125 1777 1343">
     <span class='ocr_line' id='line_1_12' title="bbox 447 1125 1772 1180; baseline -0.006 -8"><span class='ocrx_word' id='word_1_68' title='bbox 447 1132 551 1173; x_wconf 70' lang='lat' dir='ltr'>Hah.</span> <span class='ocrx_word' id='word_1_69' title='bbox 611 1132 656 1171; x_wconf 86' lang='lat' dir='ltr'>In</span> <span class='ocrx_word' id='word_1_70' title='bbox 687 1130 810 1177; x_wconf 80' lang='lat' dir='ltr'>foliis,</span> <span class='ocrx_word' id='word_1_71' title='bbox 842 1129 975 1169; x_wconf 77' lang='lat' dir='ltr'>rarius</span> <span class='ocrx_word' id='word_1_72' title='bbox 1007 1127 1194 1168; x_wconf 83' lang='lat' dir='ltr'>caulibus</span> <span class='ocrx_word' id='word_1_73' title='bbox 1226 1125 1423 1167; x_wconf 81' lang='lat' dir='ltr'>emortuis</span> <span class='ocrx_word' id='word_1_74' title='bbox 1458 1125 1688 1180; x_wconf 75' lang='lat' dir='ltr'>Tofjeldiae</span> <span class='ocrx_word' id='word_1_75' title='bbox 1709 1125 1772 1164; x_wconf 78' lang='lat' dir='ltr'>bo-</span> 
     </span>
     <span class='ocr_line' id='line_1_13' title="bbox 314 1206 1776 1263; baseline -0.007 -10"><span class='ocrx_word' id='word_1_76' title='bbox 314 1213 451 1262; x_wconf 72' lang='lat' dir='ltr'>realis,</span> <span class='ocrx_word' id='word_1_77' title='bbox 484 1211 662 1250; x_wconf 67' lang='lat' dir='ltr'>Dz‘anfhi</span> <span class='ocrx_word' id='word_1_78' title='bbox 690 1209 867 1263; x_wconf 70' lang='lat' dir='ltr'>superbi,</span> <span class='ocrx_word' id='word_1_79' title='bbox 905 1209 1071 1262; x_wconf 56' lang='lat' dir='ltr'>Typhae</span> <span class='ocrx_word' id='word_1_80' title='bbox 1104 1207 1321 1260; x_wconf 69' lang='lat' dir='ltr'>latifoliae,</span> <span class='ocrx_word' id='word_1_81' title='bbox 1358 1206 1501 1245; x_wconf 75' lang='lat' dir='ltr'>Tritici</span> <span class='ocrx_word' id='word_1_82' title='bbox 1528 1206 1704 1259; x_wconf 68' lang='lat' dir='ltr'>repentis</span> <span class='ocrx_word' id='word_1_83' title='bbox 1737 1208 1776 1244; x_wconf 76' lang='lat' dir='ltr'>et</span> 
     </span>
     <span class='ocr_line' id='line_1_14' title="bbox 318 1283 1777 1343; baseline -0.006 -12"><span class='ocrx_word' id='word_1_84' title='bbox 318 1289 731 1343; x_wconf 54' lang='lat' dir='ltr'>Galamaym-ostidum,</span> <span class='ocrx_word' id='word_1_85' title='bbox 766 1287 975 1327; x_wconf 78' lang='lat' dir='ltr'>mensibus</span> <span class='ocrx_word' id='word_1_86' title='bbox 1002 1286 1156 1338; x_wconf 72' lang='lat' dir='ltr'>Majo-</span> <span class='ocrx_word' id='word_1_87' title='bbox 1171 1285 1293 1329; x_wconf 81' lang='lat' dir='ltr'>Julio,</span> <span class='ocrx_word' id='word_1_88' title='bbox 1316 1284 1357 1323; x_wconf 82' lang='lat' dir='ltr'>in</span> <span class='ocrx_word' id='word_1_89' title='bbox 1378 1283 1534 1324; x_wconf 78' lang='lat' dir='ltr'>Fennia</span> <span class='ocrx_word' id='word_1_90' title='bbox 1555 1287 1595 1322; x_wconf 80' lang='lat' dir='ltr'>et</span> <span class='ocrx_word' id='word_1_91' title='bbox 1614 1283 1777 1335; x_wconf 73' lang='lat' dir='ltr'>Lappo-</span> 
     </span>
    </p>
   </div>
   <div class='ocr_carea' id='block_1_3' title="bbox 313 1366 846 1420">
    <p class='ocr_par' dir='ltr' id='par_1_5' title="bbox 313 1366 846 1420">
     <span class='ocr_line' id='line_1_15' title="bbox 313 1366 846 1420; baseline -0.008 -12"><span class='ocrx_word' id='word_1_92' title='bbox 313 1370 382 1408; x_wconf 65' lang='lat' dir='ltr'>nizt</span> <span class='ocrx_word' id='word_1_93' title='bbox 413 1368 629 1420; x_wconf 75' lang='lat' dir='ltr'>aliqvoties</span> <span class='ocrx_word' id='word_1_94' title='bbox 660 1366 846 1419; x_wconf 82' lang='lat' dir='ltr'>legimus.</span> 
     </span>
    </p>
   </div>
   <div class='ocr_carea' id='block_1_4' title="bbox 314 1469 1777 2483">
    <p class='ocr_par' dir='ltr' id='par_1_6' title="bbox 314 1469 1777 1989">
     <span class='ocr_line' id='line_1_16' title="bbox 446 1469 1777 1517; baseline -0.006 -8"><span class='ocrx_word' id='word_1_95' title='bbox 446 1478 486 1510; x_wconf 87' lang='lat' dir='ltr'>In</span> <span class='ocrx_word' id='word_1_96' title='bbox 518 1476 678 1509; x_wconf 88' lang='lat' dir='ltr'>omnibus</span> <span class='ocrx_word' id='word_1_97' title='bbox 717 1475 918 1517; x_wconf 82' lang='lat' dir='ltr'>regionibus</span> <span class='ocrx_word' id='word_1_98' title='bbox 956 1472 1181 1517; x_wconf 74' lang='lat' dir='ltr'>hyperboreis</span> <span class='ocrx_word' id='word_1_99' title='bbox 1212 1483 1315 1515; x_wconf 82' lang='lat' dir='ltr'>supra</span> <span class='ocrx_word' id='word_1_100' title='bbox 1344 1471 1469 1503; x_wconf 80' lang='lat' dir='ltr'>herbas</span> <span class='ocrx_word' id='word_1_101' title='bbox 1499 1470 1612 1502; x_wconf 84' lang='lat' dir='ltr'>varias</span> <span class='ocrx_word' id='word_1_102' title='bbox 1643 1469 1777 1502; x_wconf 80' lang='lat' dir='ltr'>habitat</span> 
     </span>
     <span class='ocr_line' id='line_1_17' title="bbox 316 1537 1775 1586; baseline -0.005 -10"><span class='ocrx_word' id='word_1_103' title='bbox 316 1544 563 1586; x_wconf 78' lang='lat' dir='ltr'>vulgatissima,</span> <span class='ocrx_word' id='word_1_104' title='bbox 594 1543 820 1575; x_wconf 77' lang='lat' dir='ltr'>meridionem</span> <span class='ocrx_word' id='word_1_105' title='bbox 853 1552 971 1573; x_wconf 84' lang='lat' dir='ltr'>versus</span> <span class='ocrx_word' id='word_1_106' title='bbox 998 1539 1182 1572; x_wconf 82' lang='lat' dir='ltr'>admodum</span> <span class='ocrx_word' id='word_1_107' title='bbox 1214 1549 1403 1571; x_wconf 73' lang='lat' dir='ltr'>rarescens.</span> <span class='ocrx_word' id='word_1_108' title='bbox 1454 1537 1575 1577; x_wconf 81' lang='lat' dir='ltr'>Qvoad</span> <span class='ocrx_word' id='word_1_109' title='bbox 1604 1537 1775 1579; x_wconf 78' lang='lat' dir='ltr'>magnitu-</span> 
     </span>
     <span class='ocr_line' id='line_1_18' title="bbox 314 1604 1773 1652; baseline -0.005 -9"><span class='ocrx_word' id='word_1_110' title='bbox 314 1612 431 1644; x_wconf 82' lang='lat' dir='ltr'>dinem</span> <span class='ocrx_word' id='word_1_111' title='bbox 463 1611 676 1652; x_wconf 77' lang='lat' dir='ltr'>sormamqvc</span> <span class='ocrx_word' id='word_1_112' title='bbox 698 1609 968 1652; x_wconf 76' lang='lat' dir='ltr'>peritheciorum</span> <span class='ocrx_word' id='word_1_113' title='bbox 990 1607 1136 1639; x_wconf 76' lang='lat' dir='ltr'>maxime</span> <span class='ocrx_word' id='word_1_114' title='bbox 1160 1606 1288 1645; x_wconf 79' lang='lat' dir='ltr'>variat,</span> <span class='ocrx_word' id='word_1_115' title='bbox 1319 1606 1403 1637; x_wconf 77' lang='lat' dir='ltr'>hacc</span> <span class='ocrx_word' id='word_1_116' title='bbox 1426 1616 1517 1637; x_wconf 83' lang='lat' dir='ltr'>nuno</span> <span class='ocrx_word' id='word_1_117' title='bbox 1538 1604 1773 1647; x_wconf 76' lang='lat' dir='ltr'>sphaeroidea,</span> 
     </span>
     <span class='ocr_line' id='line_1_19' title="bbox 316 1669 1776 1720; baseline -0.007 -9"><span class='ocrx_word' id='word_1_118' title='bbox 316 1678 556 1716; x_wconf 86' lang='lat' dir='ltr'>minutissima,</span> <span class='ocrx_word' id='word_1_119' title='bbox 589 1687 743 1720; x_wconf 84' lang='lat' dir='ltr'>poroqve</span> <span class='ocrx_word' id='word_1_120' title='bbox 774 1675 921 1718; x_wconf 84' lang='lat' dir='ltr'>simplici</span> <span class='ocrx_word' id='word_1_121' title='bbox 953 1679 1095 1718; x_wconf 78' lang='lat' dir='ltr'>pertusa</span> <span class='ocrx_word' id='word_1_122' title='bbox 1124 1672 1256 1717; x_wconf 79' lang='lat' dir='ltr'>(qvalia</span> <span class='ocrx_word' id='word_1_123' title='bbox 1286 1673 1321 1704; x_wconf 87' lang='lat' dir='ltr'>in</span> <span class='ocrx_word' id='word_1_124' title='bbox 1347 1671 1474 1704; x_wconf 64' lang='lat' dir='ltr'>Tritico</span> <span class='ocrx_word' id='word_1_125' title='bbox 1500 1671 1644 1714; x_wconf 70' lang='lat' dir='ltr'>repenti,</span> <span class='ocrx_word' id='word_1_126' title='bbox 1669 1669 1776 1703; x_wconf 81' lang='lat' dir='ltr'>Cala-</span> 
     </span>
     <span class='ocr_line' id='line_1_20' title="bbox 315 1738 1775 1787; baseline -0.005 -11"><span class='ocrx_word' id='word_1_127' title='bbox 315 1743 528 1787; x_wconf 71' lang='lat' dir='ltr'>mayrostide</span> <span class='ocrx_word' id='word_1_128' title='bbox 572 1748 607 1775; x_wconf 82' lang='lat' dir='ltr'>et</span> <span class='ocrx_word' id='word_1_129' title='bbox 650 1742 774 1785; x_wconf 75' lang='lat' dir='ltr'><em>Typha</em></span> <span class='ocrx_word' id='word_1_130' title='bbox 817 1741 969 1785; x_wconf 62' lang='lat' dir='ltr'>latifolia</span> <span class='ocrx_word' id='word_1_131' title='bbox 1006 1745 1088 1773; x_wconf 82' lang='lat' dir='ltr'>sunt</span> <span class='ocrx_word' id='word_1_132' title='bbox 1126 1740 1243 1780; x_wconf 79' lang='lat' dir='ltr'>lecta),</span> <span class='ocrx_word' id='word_1_133' title='bbox 1281 1750 1371 1772; x_wconf 89' lang='lat' dir='ltr'>nunc</span> <span class='ocrx_word' id='word_1_134' title='bbox 1410 1738 1542 1781; x_wconf 81' lang='lat' dir='ltr'>majora</span> <span class='ocrx_word' id='word_1_135' title='bbox 1577 1738 1775 1780; x_wconf 83' lang='lat' dir='ltr'>verticeqve</span> 
     </span>
     <span class='ocr_line' id='line_1_21' title="bbox 316 1803 1774 1852; baseline -0.005 -8"><span class='ocrx_word' id='word_1_136' title='bbox 316 1812 493 1851; x_wconf 80' lang='lat' dir='ltr'>conoidea,</span> <span class='ocrx_word' id='word_1_137' title='bbox 525 1821 617 1843; x_wconf 86' lang='lat' dir='ltr'>nuuc</span> <span class='ocrx_word' id='word_1_138' title='bbox 659 1810 808 1852; x_wconf 82' lang='lat' dir='ltr'>deniqve</span> <span class='ocrx_word' id='word_1_139' title='bbox 846 1809 880 1841; x_wconf 89' lang='lat' dir='ltr'>in</span> <span class='ocrx_word' id='word_1_140' title='bbox 921 1809 1083 1841; x_wconf 81' lang='lat' dir='ltr'>ostiolum</span> <span class='ocrx_word' id='word_1_141' title='bbox 1124 1807 1329 1840; x_wconf 88' lang='lat' dir='ltr'>conoideum</span> <span class='ocrx_word' id='word_1_142' title='bbox 1368 1809 1549 1838; x_wconf 79' lang='lat' dir='ltr'>attenuata</span> <span class='ocrx_word' id='word_1_143' title='bbox 1578 1803 1711 1848; x_wconf 83' lang='lat' dir='ltr'>(qvalia</span> <span class='ocrx_word' id='word_1_144' title='bbox 1739 1804 1774 1835; x_wconf 90' lang='lat' dir='ltr'>in</span> 
     </span>
     <span class='ocr_line' id='line_1_22' title="bbox 320 1873 1775 1922; baseline -0.005 -11"><span class='ocrx_word' id='word_1_145' title='bbox 320 1878 495 1922; x_wconf 79' lang='lat' dir='ltr'>Tosjeldz&#39;a</span> <span class='ocrx_word' id='word_1_146' title='bbox 524 1877 684 1917; x_wconf 76' lang='lat' dir='ltr'>boreali).</span> <span class='ocrx_word' id='word_1_147' title='bbox 744 1877 923 1909; x_wconf 82' lang='lat' dir='ltr'>Facillime</span> <span class='ocrx_word' id='word_1_148' title='bbox 954 1876 1099 1918; x_wconf 82' lang='lat' dir='ltr'>diguota</span> <span class='ocrx_word' id='word_1_149' title='bbox 1129 1875 1216 1907; x_wconf 84' lang='lat' dir='ltr'>ascis</span> <span class='ocrx_word' id='word_1_150' title='bbox 1245 1874 1334 1906; x_wconf 77' lang='lat' dir='ltr'>infra</span> <span class='ocrx_word' id='word_1_151' title='bbox 1363 1873 1594 1915; x_wconf 80' lang='lat' dir='ltr'>inaeqvaliter</span> <span class='ocrx_word' id='word_1_152' title='bbox 1623 1875 1775 1904; x_wconf 77' lang='lat' dir='ltr'>saccatu-</span> 
     </span>
     <span class='ocr_line' id='line_1_23' title="bbox 316 1941 1316 1989; baseline -0.007 -10"><span class='ocrx_word' id='word_1_153' title='bbox 316 1947 455 1986; x_wconf 84' lang='lat' dir='ltr'>inflatis,</span> <span class='ocrx_word' id='word_1_154' title='bbox 487 1946 599 1989; x_wconf 86' lang='lat' dir='ltr'>sporis</span> <span class='ocrx_word' id='word_1_155' title='bbox 631 1942 736 1976; x_wconf 81' lang='lat'><strong>3—-4</strong></span> <span class='ocrx_word' id='word_1_156' title='bbox 768 1943 939 1976; x_wconf 81' lang='lat' dir='ltr'>serialiter</span> <span class='ocrx_word' id='word_1_157' title='bbox 969 1942 1108 1985; x_wconf 84' lang='lat' dir='ltr'>stipatis</span> <span class='ocrx_word' id='word_1_158' title='bbox 1138 1941 1316 1984; x_wconf 79' lang='lat' dir='ltr'>praeditis.</span> 
     </span>
    </p>

    <p class='ocr_par' dir='ltr' id='par_1_7' title="bbox 316 2033 1777 2483">
     <span class='ocr_line' id='line_1_24' title="bbox 450 2033 1774 2093; baseline -0.006 -14"><span class='ocrx_word' id='word_1_159' title='bbox 450 2039 546 2079; x_wconf 80' lang='lat' dir='ltr'>Var.</span> <span class='ocrx_word' id='word_1_160' title='bbox 569 2038 745 2093; x_wconf 72' lang='lat' dir='ltr'>pusilla.</span> <span class='ocrx_word' id='word_1_161' title='bbox 805 2036 1047 2092; x_wconf 75' lang='lat' dir='ltr'>Sphaerella</span> <span class='ocrx_word' id='word_1_162' title='bbox 1076 2035 1232 2089; x_wconf 80' lang='lat' dir='ltr'>pusilla</span> <span class='ocrx_word' id='word_1_163' title='bbox 1254 2036 1435 2074; x_wconf 77' lang='lat' dir='ltr'>AuEnsw.</span> <span class='ocrx_word' id='word_1_164' title='bbox 1458 2033 1553 2087; x_wconf 84' lang='lat' dir='ltr'>Syn.</span> <span class='ocrx_word' id='word_1_165' title='bbox 1576 2033 1668 2087; x_wconf 90' lang='lat' dir='ltr'>Pyr.</span> <span class='ocrx_word' id='word_1_166' title='bbox 1691 2046 1774 2072; x_wconf 88' lang='lat' dir='ltr'>eur.</span> 
     </span>
     <span class='ocr_line' id='line_1_25' title="bbox 317 2111 1775 2171; baseline -0.005 -13"><span class='ocrx_word' id='word_1_167' title='bbox 317 2133 356 2171; x_wconf 74' lang='lat' dir='ltr'>p,</span> <span class='ocrx_word' id='word_1_168' title='bbox 391 2120 454 2166; x_wconf 88' lang='grc'>17,</span> <span class='ocrx_word' id='word_1_169' title='bbox 483 2122 510 2157; x_wconf 92' lang='lat' dir='ltr'>t.</span> <span class='ocrx_word' id='word_1_170' title='bbox 543 2120 581 2165; x_wconf 73' lang='lat'>8,</span> <span class='ocrx_word' id='word_1_171' title='bbox 613 2117 638 2156; x_wconf 88' lang='lat' dir='ltr'>f.</span> <span class='ocrx_word' id='word_1_172' title='bbox 676 2117 764 2155; x_wconf 83' lang='lat'>115.</span> <span class='ocrx_word' id='word_1_173' title='bbox 796 2139 850 2145; x_wconf 92' lang='lat'>—</span> <span class='ocrx_word' id='word_1_174' title='bbox 881 2114 1114 2155; x_wconf 78' lang='lat' dir='ltr'>Perithecia</span> <span class='ocrx_word' id='word_1_175' title='bbox 1154 2112 1377 2166; x_wconf 82' lang='lat' dir='ltr'>epiphylla‚</span> <span class='ocrx_word' id='word_1_176' title='bbox 1418 2125 1575 2164; x_wconf 84' lang='lat' dir='ltr'>sparsa,</span> <span class='ocrx_word' id='word_1_177' title='bbox 1616 2111 1775 2163; x_wconf 89' lang='lat' dir='ltr'>epider-</span> 
     </span>
     <span class='ocr_line' id='line_1_26' title="bbox 320 2189 1777 2247; baseline -0.005 -11"><span class='ocrx_word' id='word_1_178' title='bbox 320 2196 418 2236; x_wconf 89' lang='lat' dir='ltr'>midi</span> <span class='ocrx_word' id='word_1_179' title='bbox 447 2196 602 2243; x_wconf 77' lang='lat' dir='ltr'>innata,</span> <span class='ocrx_word' id='word_1_180' title='bbox 634 2208 737 2247; x_wconf 91' lang='lat' dir='ltr'>poro</span> <span class='ocrx_word' id='word_1_181' title='bbox 768 2193 947 2245; x_wconf 85' lang='lat' dir='ltr'>simplici</span> <span class='ocrx_word' id='word_1_182' title='bbox 978 2196 1159 2245; x_wconf 83' lang='lat' dir='ltr'>pertusa,</span> <span class='ocrx_word' id='word_1_183' title='bbox 1182 2191 1287 2231; x_wconf 76' lang='lat' dir='ltr'>latit.</span> <span class='ocrx_word' id='word_1_184' title='bbox 1310 2192 1629 2231; x_wconf 78' lang='lat' dir='ltr'>50—701n111m.</span> <span class='ocrx_word' id='word_1_185' title='bbox 1680 2189 1777 2229; x_wconf 88' lang='lat' dir='ltr'>Asci</span> 
     </span>
     <span class='ocr_line' id='line_1_27' title="bbox 316 2267 1774 2324; baseline -0.005 -9"><span class='ocrx_word' id='word_1_186' title='bbox 316 2274 576 2322; x_wconf 86' lang='lat' dir='ltr'>subsessiles,</span> <span class='ocrx_word' id='word_1_187' title='bbox 609 2267 1028 2324; x_wconf 73' lang='lat' dir='ltr'>ovoideo-oblongati,</span> <span class='ocrx_word' id='word_1_188' title='bbox 1063 2269 1205 2323; x_wconf 85' lang='lat' dir='ltr'>longit.</span> <span class='ocrx_word' id='word_1_189' title='bbox 1237 2271 1399 2309; x_wconf 77' lang='lat'>40-45</span> <span class='ocrx_word' id='word_1_190' title='bbox 1432 2284 1581 2317; x_wconf 63' lang='lat' dir='ltr'>mmm„</span> <span class='ocrx_word' id='word_1_191' title='bbox 1614 2268 1774 2308; x_wconf 78' lang='lat' dir='ltr'>crassit.</span> 
     </span>
     <span class='ocr_line' id='line_1_28' title="bbox 323 2347 1775 2403; baseline -0.005 -10"><span class='ocrx_word' id='word_1_192' title='bbox 323 2356 482 2394; x_wconf 76' lang='lat'>12—14</span> <span class='ocrx_word' id='word_1_193' title='bbox 512 2367 648 2391; x_wconf 87' lang='lat' dir='ltr'>mmm.</span> <span class='ocrx_word' id='word_1_194' title='bbox 699 2351 856 2403; x_wconf 80' lang='lat' dir='ltr'>Sporae</span> <span class='ocrx_word' id='word_1_195' title='bbox 888 2352 1020 2397; x_wconf 79' lang='lat' dir='ltr'>Sznae,</span> <span class='ocrx_word' id='word_1_196' title='bbox 1043 2348 1329 2401; x_wconf 79' lang='lat' dir='ltr'>conglobatae,</span> <span class='ocrx_word' id='word_1_197' title='bbox 1353 2347 1775 2399; x_wconf 76' lang='lat' dir='ltr'>ovoideo-elongatae,</span> 
     </span>
     <span class='ocr_line' id='line_1_29' title="bbox 319 2425 1775 2483; baseline -0.005 -11"><span class='ocrx_word' id='word_1_198' title='bbox 319 2432 453 2472; x_wconf 89' lang='lat' dir='ltr'>medio</span> <span class='ocrx_word' id='word_1_199' title='bbox 491 2431 752 2483; x_wconf 75' lang='lat' dir='ltr'>uniseptatae</span> <span class='ocrx_word' id='word_1_200' title='bbox 787 2429 850 2469; x_wconf 91' lang='lat' dir='ltr'>vel</span> <span class='ocrx_word' id='word_1_201' title='bbox 880 2428 1124 2482; x_wconf 72' lang='lat' dir='ltr'>guttulatae,</span> <span class='ocrx_word' id='word_1_202' title='bbox 1156 2427 1209 2467; x_wconf 83' lang='lat' dir='ltr'>ad</span> <span class='ocrx_word' id='word_1_203' title='bbox 1240 2430 1401 2478; x_wconf 85' lang='lat' dir='ltr'>septum</span> <span class='ocrx_word' id='word_1_204' title='bbox 1432 2425 1575 2466; x_wconf 89' lang='lat' dir='ltr'>leviter</span> <span class='ocrx_word' id='word_1_205' title='bbox 1604 2425 1775 2465; x_wconf 82' lang='lat' dir='ltr'>constri-</span> 
     </span>
    </p>
   </div>
   <div class='ocr_carea' id='block_1_5' title="bbox 318 2506 1773 2562">
    <p class='ocr_par' dir='ltr' id='par_1_8' title="bbox 318 2506 1773 2562">
     <span class='ocr_line' id='line_1_30' title="bbox 318 2506 1773 2562; baseline -0.005 -12"><span class='ocrx_word' id='word_1_206' title='bbox 318 2515 422 2559; x_wconf 79' lang='lat' dir='ltr'>ctae,</span> <span class='ocrx_word' id='word_1_207' title='bbox 462 2510 666 2562; x_wconf 74' lang='lat' dir='ltr'>hyalinae,</span> <span class='ocrx_word' id='word_1_208' title='bbox 707 2509 850 2561; x_wconf 83' lang='lat' dir='ltr'>longit.</span> <span class='ocrx_word' id='word_1_209' title='bbox 888 2509 1045 2548; x_wconf 75' lang='lat'>14-22</span> <span class='ocrx_word' id='word_1_210' title='bbox 1077 2520 1226 2554; x_wconf 61' lang='lat' dir='ltr'>mmm„</span> <span class='ocrx_word' id='word_1_211' title='bbox 1265 2506 1426 2554; x_wconf 78' lang='lat' dir='ltr'>crassit,</span> <span class='ocrx_word' id='word_1_212' title='bbox 1458 2506 1607 2553; x_wconf 80' lang='lat'>3-4‚5</span> <span class='ocrx_word' id='word_1_213' title='bbox 1639 2518 1773 2543; x_wconf 88' lang='lat' dir='ltr'>mmm.</span> 
     </span>
    </p>
   </div>
   <div class='ocr_carea' id='block_1_6' title="bbox 317 2604 1774 2738">
    <p class='ocr_par' dir='ltr' id='par_1_9' title="bbox 317 2604 1774 2738">
     <span class='ocr_line' id='line_1_31' title="bbox 452 2604 1774 2650; baseline -0.005 0"><span class='ocrx_word' id='word_1_214' title='bbox 452 2609 556 2650; x_wconf 76' lang='lat' dir='ltr'>Hab.</span> <span class='ocrx_word' id='word_1_215' title='bbox 607 2609 654 2648; x_wconf 88' lang='lat' dir='ltr'>In</span> <span class='ocrx_word' id='word_1_216' title='bbox 673 2609 783 2649; x_wconf 86' lang='lat' dir='ltr'>foliis</span> <span class='ocrx_word' id='word_1_217' title='bbox 809 2608 965 2649; x_wconf 61' lang='lat' dir='ltr'>Cau-icis</span> <span class='ocrx_word' id='word_1_218' title='bbox 987 2615 1132 2647; x_wconf 69' lang='lat' dir='ltr'>acutae</span> <span class='ocrx_word' id='word_1_219' title='bbox 1153 2606 1323 2646; x_wconf 84' lang='lat' dir='ltr'>vetustis</span> <span class='ocrx_word' id='word_1_220' title='bbox 1345 2606 1398 2646; x_wconf 80' lang='lat' dir='ltr'>ad</span> <span class='ocrx_word' id='word_1_221' title='bbox 1420 2604 1616 2645; x_wconf 80' lang='lat' dir='ltr'>Mustiala</span> <span class='ocrx_word' id='word_1_222' title='bbox 1637 2617 1774 2644; x_wconf 86' lang='lat' dir='ltr'>mense</span> 
     </span>
     <span class='ocr_line' id='line_1_32' title="bbox 317 2681 1774 2738; baseline -0.004 -11"><span class='ocrx_word' id='word_1_223' title='bbox 317 2688 439 2728; x_wconf 81' lang='lat' dir='ltr'>Junio</span> <span class='ocrx_word' id='word_1_224' title='bbox 472 2687 599 2728; x_wconf 85' lang='lat' dir='ltr'>semel</span> <span class='ocrx_word' id='word_1_225' title='bbox 628 2687 749 2727; x_wconf 81' lang='lat' dir='ltr'>lecta.</span> <span class='ocrx_word' id='word_1_226' title='bbox 774 2709 824 2715; x_wconf 88' lang='lat'>-—</span> <span class='ocrx_word' id='word_1_227' title='bbox 848 2686 971 2726; x_wconf 87' lang='lat' dir='ltr'>Forte</span> <span class='ocrx_word' id='word_1_228' title='bbox 1004 2685 1112 2725; x_wconf 85' lang='lat' dir='ltr'>sistit</span> <span class='ocrx_word' id='word_1_229' title='bbox 1142 2688 1293 2724; x_wconf 81' lang='lat' dir='ltr'>statum</span> <span class='ocrx_word' id='word_1_230' title='bbox 1319 2681 1582 2738; x_wconf 76' lang='lat' dir='ltr'>Sphaerellae</span> <span class='ocrx_word' id='word_1_231' title='bbox 1608 2682 1774 2722; x_wconf 81' lang='lat' dir='ltr'>Tassz&#39;a-</span> 
     </span>
    </p>
   </div>
   <div class='ocr_carea' id='block_1_7' title="bbox 318 2765 811 2807">
    <p class='ocr_par' dir='ltr' id='par_1_10' title="bbox 318 2765 811 2807">
     <span class='ocr_line' id='line_1_33' title="bbox 318 2765 811 2807; baseline -0.002 -2"><span class='ocrx_word' id='word_1_232' title='bbox 318 2782 397 2806; x_wconf 72' lang='lat' dir='ltr'>nae</span> <span class='ocrx_word' id='word_1_233' title='bbox 426 2767 560 2807; x_wconf 88' lang='lat' dir='ltr'>minus</span> <span class='ocrx_word' id='word_1_234' title='bbox 591 2765 811 2806; x_wconf 89' lang='lat' dir='ltr'>evolutum.</span> 
     </span>
    </p>
   </div>
  </div>
 </body>
</html>
