1856 3177
1482 220 1530 258 11

104 350 326 393 stromatis
357 348 646 404 penetralibus
676 350 766 389 tota
797 347 973 400 sepulta,
1005 346 1279 395 monosticha,
1303 345 1591 400 sphaeroidea,

113 430 274 471 ostiolis
315 429 479 471 demum
508 428 576 468 vix
605 426 670 468 vel
702 427 848 468 leviter
878 426 1137 480 prominulis.
1195 425 1294 467 Asci
1325 425 1591 479 cylindracei.

112 508 270 562 Sporae
309 510 441 557 82nae,
482 506 698 554 distichae,
732 505 996 560 oblongatae,
1029 507 1263 559 6-guttatae
1296 504 1359 545 vel
1391 504 1593 546 6-locula·

102 601 191 637 res,
222 587 377 628 fuscae.
439 586 703 639 Paraphyses
732 584 1029 626 coalescentes.
1052 609 1106 615 —-
1129 583 1340 626 Sti-omata
1363 584 1593 626 conidifera

113 666 384 719 emmpentia,
416 665 643 719 pulvinata,
675 677 841 706 cornea.
895 664 1069 705 Conidia
1090 663 1214 712 nuda,
1236 662 1593 705 fusoideo-oblon-

108 747 207 798 gata
237 744 301 786 vel
332 744 507 794 clavata,
538 743 795 798 5-guttulata
823 742 885 784 vel
917 743 1056 796 spurie
1086 743 1266 784 tenuiter
1297 746 1474 796 septata,
1507 756 1592 784 sor-

104 823 204 865 dide
235 823 499 865 luteo-fusca.

242 938 374 979 XXII.
444 937 796 979 MELANCONIS
842 937 937 978 Τιί.
1006 936 1086 979 Sel.
1128 937 1258 991 Fung.
1301 936 1422 991 Carp.
1461 937 1513 986 II,
1551 951 1589 991 p.

114 1018 188 1058 115
221 1031 281 1070 pr.
314 1031 354 1070 p.

243 1095 456 1137 Stromata
496 1095 937 1149 conoideo-depressa,
970 1099 1157 1148 excepto*
1179 1095 1308 1143 disco,
1340 1095 1592 1148 peridermio

108 1178 233 1216 tecta.
293 1175 535 1217 Perithecia
573 1175 742 1216 corticis
772 1174 1086 1228 parenchymati
1117 1174 1237 1229 vulgo
1269 1175 1487 1217 immutato
1519 1176 1592 1216 im-

108 1267 257 1303 mersa,
290 1253 549 1304 circinantia,
582 1254 744 1295 ostiolis
775 1254 816 1294 in
849 1254 964 1295 disco
985 1253 1080 1306 plus
1102 1254 1238 1295 minus
1260 1255 1448 1296 exsertis.
1496 1256 1593 1297 Asci

104 1332 364 1385 -cylindracei
394 1332 458 1374 vel
491 1332 873 1387 elongato-clavati.
934 1332 1093 1385 Sporae
1125 1334 1245 1374 ssznae
1276 1357 1319 1363 —
1342 1335 1474 1383 81nae,
1506 1349 1592 1377 mo-

108 1411 324 1453 nostichae
354 1411 418 1453 vel
451 1411 670 1461 distichae,
703 1412 976 1465 ellipsoideae
1008 1412 1071 1453 vel
1093 1412 1358 1467 oblongatae,
1381 1414 1593 1468 unisepta-

105 1495 187 1541 tae,
218 1491 424 1545 hyalinae,
456 1491 724 1545 majusculae,
756 1491 964 1532 interdum
995 1492 1359 1545 appendiculatae.
1393 1518 1446 1523 —
1478 1493 1592 1535 Stro-

111 1574 224 1612 mata
270 1570 502 1612 conidifera
541 1570 756 1619 conoidea,
800 1569 954 1619 albida,
996 1570 1186 1623 suberea.
1257 1572 1432 1613 Conidia
1469 1574 1593 1623 nuda,

109 1648 490 1703 subconglutinata,
531 1653 688 1690 stroma
728 1649 924 1703 tegentia,
966 1641 1337 1702 subsphaeroidea,
1371 1651 1590 1705 simplicia,

108 1727 435 1769 olivaceo-fusca
464 1728 528 1769 vel
555 1715 798 1769 fusco-atra.

242 1854 394 1895 XXIII.
446 1854 812 1896 HERCOSPORA
833 1855 928 1896 Tui.
972 1855 1052 1897 Sel.
1071 1856 1200 1911 Fung.
1221 1856 1340 1908 Carp.
1360 1857 1411 1907 II,
1435 1873 1474 1911 p.
1496 1860 1586 1901 154.

244 1934 507 1983 „Perithecia
545 1948 680 1987 pauca
718 1934 886 1976 insimul
926 1939 966 1975 et
1003 1934 1126 1988 plura
1163 1935 1205 1975 in
1246 1936 1477 1979 meditullio
1516 1952 1588 1979 na-

31 2060 34 2062 ,
107 2016 279 2053 scuntur
315 1996 539 2067 pycnidum
578 2014 758 2054 maxime
797 2013 1018 2066 sterilium3
1064 2028 1172 2056 nunc
1211 2019 1435 2069 propterea
1472 2019 1588 2070 qvasi

104 2093 216 2133 intra
254 2092 482 2145 capsellam
521 2096 655 2133 atram
694 2098 736 2134 et
774 2094 926 2134 nutrici
964 2093 1202 2135 immersam
1244 2096 1438 2141 coercita,
1478 2111 1587 2139 nunc

108 2171 254 2225 clypeo
286 2171 513 2213 umbonato
545 2185 567 2213 e
595 2172 772 2225 pycnide
802 2172 948 2214 subtus
976 2173 1223 2226 interrupta,
1252 2179 1410 2227 aperta,
1434 2177 1587 2217 solum-

109 2249 231 2291 modo
262 2253 386 2300 tecta,
420 2250 613 2300 discreta,
647 2251 821 2293 ovoidea
851 2252 914 2293 vel
946 2252 1457 2307 sphaeroideo-depressa,
1480 2260 1584 2306 atra,

104 2330 149 2369 in
186 2328 367 2370 fistulam
412 2334 600 2379 teretem,
648 2330 797 2372 exilem
838 2331 1108 2386 rigidamqve,
1151 2337 1313 2373 scutum
1343 2334 1583 2387 impositum

105 2412 404 2457 transeuntem,
435 2422 520 2450 non
539 2409 816 2451 incrassatam
839 2414 880 2451 et
899 2410 1080 2452 breviter
1101 2416 1334 2453 exstantem
1356 2417 1582 2466 protracta.

106 2487 205 2528 Asci
248 2487 513 2542 cylindracei.
574 2488 732 2542 Sporae
778 2490 1078 2539 monostichae,
1125 2496 1257 2540 timae,
1300 2491 1583 2545 ellipsoideae‚

105 2567 381 2620 uniseptatae,
413 2568 618 2622 hyalinae.
678 2569 941 2623 Paraphyses
971 2568 1199 2612 filiformes.
1233 2595 1282 2601 -
1316 2571 1520 2626 Pyenides
1540 2573 1582 2614 in

104 2645 261 2687 cortice
291 2646 542 2695 nidulantes‚
574 2661 683 2689 nunc
711 2648 890 2701 undiqve
918 2648 1130 2703 globosae,
1162 2663 1270 2691 nunc
1293 2649 1440 2692 subtus
1462 2665 1584 2693 exca-

104 2727 235 2773 vatae,
267 2724 309 2764 in
338 2738 512 2766 acumen
543 2739 744 2776 crassum,
768 2728 1008 2780 depressum
1033 2732 1074 2769 et
1094 2728 1311 2781 inaeqvale
1333 2730 1396 2771 vel
1417 2734 1583 2772 trunca·

101 2806 188 2843 tum
212 2807 253 2844 et
273 2803 543 2845 umbonatum
565 2819 726 2847 sursum
749 2811 1001 2860 protractae,
1028 2807 1138 2848 intus
1161 2821 1362 2850 carnosae
1385 2815 1425 2850 et
1446 2809 1584 2850 multi-
