1856 3177
339 217 390 254 14

278 342 512 393 3—septatae
549 340 613 381 vel
649 340 894 394 guttulatae,
932 339 1175 390 fuscidulae,
1214 339 1495 390 flavescentes,
1536 341 1743 395 hyalinae,

276 419 487 461 rarissime
504 421 542 472 *)
571 419 726 460 fuscae.
784 419 1045 472 Paraphyses
1076 419 1221 460 saltem
1251 419 1293 461 in
1323 419 1541 472 plerisqve.

411 505 563 549 Fungilli
602 505 726 538 minuti
756 505 813 537 vel
842 505 1075 546 minutissimi,
1105 505 1217 549 ligni„
1247 516 1326 539 raro
1357 505 1472 546 corti-,
1501 505 1675 539 rarissime
1690 504 1745 548 **)

280 572 478 606 caulioolae.

409 653 538 693 XXX.
584 652 989 694 REBENTISCHIA
1011 653 1153 693 Kmsr.
1185 653 1215 693 F
1218 667 1311 707 ung.
1330 653 1457 694 Fenn.
1478 653 1627 694 exsicc.
1646 655 1744 695 881,

409 732 644 773 Perithecia
680 745 826 784 sparsa
864 731 1156 785 superficialia,
1196 732 1411 785 papillata,
1445 732 1604 786 glabra,
1635 736 1739 774 atra.

276 811 374 851 Asci
418 814 590 864 anguste
636 810 797 851 clavati.
866 811 1023 863 Sporae
1063 810 1277 858 distichae,
1317 811 1515 860 clavatae,
1556 813 1745 864 4-septa-

275 893 354 938 tae,
386 889 630 937 fuscidulae,
662 889 798 930 loculo
828 888 910 929 imo
941 889 1120 942 hyalino,
1157 889 1414 929 caudiformi.
1480 889 1745 943 Paraphyses

278 969 468 1010 coalitae.

410 1054 550 1097 Species
582 1054 822 1093 minutissima,
855 1053 1030 1086 eorticola.

409 1148 559 1188 XXXI.
619 1147 1071 1188 LEPTOSPHAERIA
1097 1147 1187 1188 Ces.
1211 1150 1252 1188 et
1273 1147 1333 1187 DE
1355 1147 1402 1188 N.
1454 1147 1614 1189 Schem.
1638 1147 1740 1189 Sfer.

277 1243 313 1282 p.
354 1230 421 1269 60.

407 1306 641 1347 Perithecia
685 1305 938 1358 epidermide
974 1305 1165 1358 primitus
1202 1308 1325 1353 tecta,
1363 1304 1641 1357 sphaeroidea
1679 1304 1746 1346 vel

275 1385 770 1438 sphaeroideo—depressa
809 1384 1070 1433 conoideave,
1111 1397 1214 1436 poro
1254 1383 1433 1436 simplici
1472 1387 1643 1436 pertusa
1678 1383 1742 1424 vel

275 1463 425 1504 ostiolo
460 1464 675 1517 papillato,
707 1463 865 1517 glabra,
897 1463 1031 1503 rarius
1061 1461 1283 1503 filamentis
1314 1462 1499 1510 obsessa,
1533 1461 1742 1503 coriaceo-

275 1542 604 1583 membranacea.
643 1541 741 1582 Asci
764 1540 1013 1594 cylindracei
1035 1540 1097 1581 vel
1119 1540 1281 1588 clavati,
1304 1540 1422 1593 apice
1445 1540 1595 1581 obtusi.
1635 1539 1737 1592 Spo-

275 1634 358 1668 rae,
391 1622 509 1661 62nae
530 1645 584 1650 —
606 1622 736 1669 snae,
770 1620 983 1667 distichae‚
1015 1620 1149 1660 rarius
1180 1619 1463 1660 monostichae
1485 1618 1547 1659 vel
1569 1618 1740 1672 conglo-

274 1698 410 1748 batae,
448 1699 709 1752 oblongatae,
742 1699 961 1752 elongatae
991 1698 1055 1739 vel
1083 1697 1319 1746 bacillares‚
1349 1697 1738 1750 tri-pluriseptatae,

273 1792 368 1819 raro
385 1779 470 1831 ***)
501 1779 774 1830 uniseptatae,
805 1776 948 1824 flavae,
980 1775 1261 1825 flavescentes,
1293 1775 1427 1817 rarius
1458 1775 1651 1830 hyalinae
1674 1774 1738 1815 vel

273 1858 427 1899 fuscae.
487 1857 748 1910 Paraphyses
777 1855 1004 1897 filiformes.

408 1944 560 1986 Fungilli
595 1943 720 1975 minuti
757 1943 812 1976 vel
843 1942 1077 1982 minutissimi,
1108 1941 1175 1974 atri
1205 1941 1260 1975 vel
1290 1940 1467 1985 atrofusci,
1499 1940 1616 1981 cauli-‚
1649 1939 1739 1973 folii-

277 2013 331 2045 vel
363 2012 575 2044 culmicolae.

409 2104 579 2145 XXXII.
639 2103 903 2144 PREUSSIA
935 2103 1050 2143 Fucn.
1113 2101 1249 2155 Symb.
1282 2115 1384 2155 myc.
1413 2115 1452 2154 p.
1486 2102 1551 2141 91.

409 2183 642 2224 Perithecia
686 2181 977 2234 superficialia,
1028 2185 1199 2229 astoma,
1246 2180 1409 2220 demum
1452 2178 1740 2232 irregulariter

275 2266 410 2315 rupta,
456 2261 614 2315 glabra,
665 2260 994 2309 membranacea,
1035 2262 1137 2299 atra.
1206 2258 1304 2299 Asci
1343 2257 1574 2307 obovoidei,
1614 2257 1736 2310 longe

275 2339 527 2393 pedicellati.
579 2339 736 2391 Sporae
768 2340 898 2387 &naa
922 2336 1122 2390 parallele
1143 2336 1334 2389 stipatae,
1357 2335 1589 2389 elongatae,
1611 2338 1736 2376 tetra-

278 2432 426 2464 merae,
458 2432 554 2459 mox
583 2418 836 2466 fatiscentes,
867 2417 1021 2457 fuscae.
1081 2415 1341 2467 Paraphyses
1371 2414 1522 2455 nullae.

409 2504 591 2547 Fungillus
621 2504 784 2544 minutus,
815 2503 850 2536 in
880 2503 970 2542 fimo,
1002 2502 1157 2535 caulibus
1187 2504 1252 2534 ete.
1283 2500 1432 2544 putridis
1463 2509 1633 2533 crescens.

410 2624 442 2667 *)
471 2626 514 2659 In
543 2625 626 2669 Sph.
659 2624 799 2657 kirtnla.

409 2702 458 2745 **)
489 2703 572 2747 Sph.
598 2704 857 2747 praetemissa
887 2706 923 2736 et
951 2701 1034 2745 Sph.
1065 2700 1206 2733 hirtula.

411 2781 477 2823 ***)
506 2782 548 2815 In
578 2781 680 2826 Lept.
712 2781 896 2815 immunda
925 2785 961 2815 et
990 2779 1093 2823 Lept.
1126 2779 1270 2812 rustica.
