1856 3177
1392 232 1470 272 117

189 351 296 393 Hab.
356 353 402 394 In
442 354 597 408 pagina
633 354 832 397 interiore
872 355 1040 397 corticis
1077 356 1253 398 Betalae
1292 359 1443 399 vetusti
1475 359 1528 400 ad

56 430 252 473 Musti-ala
283 446 422 474 mense
453 433 680 475 Novembri
709 435 879 488 copiose
909 435 1097 490 legimus.

190 528 304 563 Ceo-at.
333 530 462 572 stricto,
495 532 682 575 praecipue
713 533 828 576 qvoad
859 537 978 577 partes
1005 534 1173 575 internas,
1200 534 1358 578 proxime
1380 536 1527 577 accedit,

55 597 149 630 notis
179 608 261 631 vero
291 598 406 631 allatis
435 597 536 632 facile
567 599 807 643 distingvitur.

187 702 224 741 5.
286 701 328 741 C.
357 702 623 744 fuscellum
656 704 801 744 KAns'r.

187 780 422 822 Perithecia
456 782 660 836 gregaria,
692 783 897 824 interdum
931 788 1122 835 connata,
1155 785 1426 839 erumpentia,
1460 786 1529 828 de-

52 873 162 898 mum
202 859 288 900 fere
320 860 612 913 superficialia,
646 862 934 914 sphaeroidea,
967 863 1127 916 glabra,
1157 863 1288 914 fusca,
1320 864 1426 905 latit.
1458 866 1524 915 0,5

53 952 161 987 mm,
185 943 321 980 rostro
344 940 500 991 stricto,
523 941 628 990 rudi,
652 941 895 991 subobtuso,
919 942 1122 984 diametro
1144 943 1362 996 perithecii
1382 944 1526 997 paullo

52 1016 252 1067 breviore,
286 1020 519 1069 concolore,
571 1020 668 1061 Asci
690 1021 955 1075 cylindracei,
979 1022 1140 1063 crassit.
1168 1025 1214 1063 11
1240 1038 1377 1063 mmm.
1424 1023 1526 1076 Spo-

51 1108 122 1136 rae
152 1097 450 1148 monostichae,
484 1098 747 1152 oblongatae,
780 1100 970 1152 utrinqve
1001 1104 1207 1152 acutatae,
1229 1106 1382 1152 rectae,
1405 1102 1526 1156 vulgo

52 1174 191 1225 spurie
234 1177 563 1229 1——3-septatae,
609 1178 663 1218 ad
708 1183 827 1231 septa
866 1179 977 1230 haud
1016 1180 1280 1230 constrictae,
1320 1181 1528 1222 chlorino-

50 1252 256 1306 hyalinae‚
288 1255 433 1309 longit.
466 1258 630 1296 22-28
661 1271 813 1307 mmm,
846 1258 1008 1298 crassit.
1041 1260 1163 1299 8--9.

184 1343 290 1384 Hab.
351 1345 398 1385 In
436 1346 549 1398 ligno
592 1346 755 1388 mucido
794 1346 876 1389 fine
915 1349 1070 1390 mensis
1108 1350 1284 1403 Augusti
1325 1352 1431 1391 1868
1473 1351 1526 1392 ad

54 1420 247 1463 Musti-ala
280 1423 508 1475 specimina
537 1438 750 1478 perpauca
779 1425 901 1467 lecta.

182 1521 419 1564 Distingvitur
463 1522 627 1557 facillime
668 1536 686 1557 a
726 1526 981 1568 congeneribus
1024 1527 1140 1560 colore
1184 1528 1368 1571 perithecii
1413 1528 1522 1561 fusco.

51 1586 269 1632 Paraphyses
298 1590 402 1622 nobis
431 1602 501 1623 non
533 1592 639 1624 visae.

332 1728 521 1768 XXXVI.
582 1729 871 1770 GNOMONIA
907 1731 994 1771 Ces,
1028 1736 1069 1772 et
1100 1732 1159 1772 DE
1190 1733 1238 1773 N.

186 1828 293 1869 Sect.
328 1829 357 1869 I.
419 1831 516 1870 Asci
545 1828 589 1871 ’6-
619 1832 682 1872 vel
704 1833 876 1884 8-spori.
925 1834 1087 1874 Ostiola
1107 1838 1302 1876 rostrata.
1335 1861 1386 1865 ——
1419 1837 1524 1890 Spe-

51 1907 134 1947 cies
172 1910 315 1947 1—14.

190 2001 221 2037 l.
283 1997 365 2037 Gn.
398 1998 687 2041 tubiformis
728 2000 857 2053 (Tou.)
897 2003 1074 2043 Acmsw.
1117 2002 1211 2057 Syn.
1250 2004 1342 2058 Pyr.
1381 2019 1421 2058 p.
1455 2008 1523 2055 22,

49 2080 77 2115 t.
113 2083 149 2125 ὅ,
182 2077 209 2116 f.
246 2080 335 2117 121.

183 2167 418 2207 Perithecia
462 2167 729 2222 hypophylla,
775 2170 1088 2224 parenchymati
1133 2172 1289 2223 innata,
1330 2175 1524 2228 gregaria

51 2245 113 2285 vel
144 2245 382 2298 subsparsa,
416 2246 782 2297 subsphaeroidea,
815 2249 1014 2299 brunnea,
1037 2254 1173 2292 rostro
1205 2252 1364 2302 stricto,
1397 2254 1524 2307 cylin-

51 2325 215 2373 draceo,
245 2325 392 2378 rigido,
426 2325 587 2375 obtuso,
619 2327 894 2379 perithecium
924 2329 1010 2369 fere
1041 2335 1256 2382 aeqvante,
1289 2332 1525 2383 concolore,

51 2403 349 2456 epidermidem
378 2405 584 2446 fuscatam
612 2410 653 2446 et
678 2406 868 2459 utrinqve
889 2406 1076 2448 inflatam
1098 2409 1151 2450 ad
1171 2409 1411 2452 inferiorem
1431 2412 1522 2453 folii

49 2484 245 2537 paginam
284 2483 554 2536 perforantia,
586 2485 689 2525 latit.
722 2488 788 2526 o.4
822 2501 916 2527 mm.
976 2488 1074 2528 Asci
1113 2489 1341 2543 oblongati‚
1375 2503 1396 2531 e
1427 2490 1521 2532 basi

52 2562 251 2615 ampliata
304 2562 533 2616 paullisper
581 2564 798 2614 attenuati,
850 2565 1110 2616 subsessiles,
1157 2567 1302 2622 longit.
1353 2571 1520 2612 45—70

50 2656 201 2689 mmm„
243 2641 400 2682 crassit.
446 2643 609 2683 10-14
650 2658 787 2683 mmm.
848 2644 1006 2696 Sporae
1048 2648 1180 2696 Sznae,
1223 2647 1521 2699 subdistichae,

51 2719 301 2773 oblongatae
343 2720 406 2760 vel
446 2720 978 2776 ellipsoideo-oblongatae,
1010 2728 1056 2764 ut
1085 2724 1307 2777 plurimum
1338 2727 1524 2781 inaeqvi-

50 2797 260 2845 laterales,
294 2798 516 2850 simplices,
558 2801 678 2854 vulgo
720 2801 892 2854 guttulis
933 2802 1102 2844 minutis
1144 2805 1252 2844 2—4
1293 2806 1523 2858 praeditae,
