<?xml version="1.0" encoding="UTF-8"?>
<!DOCTYPE html PUBLIC "-//W3C//DTD XHTML 1.0 Transitional//EN"
    "http://www.w3.org/TR/xhtml1/DTD/xhtml1-transitional.dtd">
<html xmlns="http://www.w3.org/1999/xhtml" xml:lang="en" lang="en">
 <head>
  <title>
</title>
<meta http-equiv="Content-Type" content="text/html;charset=utf-8" />
  <meta name='ocr-system' content='tesseract 3.04.00' />
  <meta name='ocr-capabilities' content='ocr_page ocr_carea ocr_par ocr_line ocrx_word'/>
</head>
<body>
  <div class='ocr_page' id='page_1' title='image "./mycologiafennicapt12kars_0355.png"; bbox 0 0 1856 3177; ppageno 0'>
   <div class='ocr_carea' id='block_1_1' title="bbox 1461 219 1512 258">
    <p class='ocr_par' dir='ltr' id='par_1_1' title="bbox 1461 219 1512 258">
     <span class='ocr_line' id='line_1_1' title="bbox 1461 219 1512 258; baseline 0 0"><span class='ocrx_word' id='word_1_1' title='bbox 1461 219 1512 258; x_wconf 78' lang='lat'>59</span> 
     </span>
    </p>
   </div>
   <div class='ocr_carea' id='block_1_2' title="bbox 87 342 1572 1505">
    <p class='ocr_par' dir='ltr' id='par_1_2' title="bbox 87 342 1572 1333">
     <span class='ocr_line' id='line_1_2' title="bbox 229 342 1569 398; baseline 0.003 -16"><span class='ocrx_word' id='word_1_2' title='bbox 229 342 464 383; x_wconf 85' lang='lat' dir='ltr'>Perithecia</span> <span class='ocrx_word' id='word_1_3' title='bbox 503 342 544 384; x_wconf 88' lang='lat' dir='ltr'>in</span> <span class='ocrx_word' id='word_1_4' title='bbox 585 342 791 395; x_wconf 73' lang='lat' dir='ltr'>caespites</span> <span class='ocrx_word' id='word_1_5' title='bbox 831 357 907 396; x_wconf 88' lang='lat' dir='ltr'>per</span> <span class='ocrx_word' id='word_1_6' title='bbox 950 343 1247 396; x_wconf 85' lang='lat' dir='ltr'>peridermium</span> <span class='ocrx_word' id='word_1_7' title='bbox 1291 349 1569 398; x_wconf 77' lang='lat' dir='ltr'>erumpentes,</span> 
     </span>
     <span class='ocr_line' id='line_1_3' title="bbox 95 420 1572 476; baseline 0.003 -15"><span class='ocrx_word' id='word_1_8' title='bbox 95 420 353 462; x_wconf 82' lang='lat' dir='ltr'>orbicuiares</span> <span class='ocrx_word' id='word_1_9' title='bbox 385 420 630 462; x_wconf 80' lang='lat' dir='ltr'>densissime</span> <span class='ocrx_word' id='word_1_10' title='bbox 653 421 809 474; x_wconf 85' lang='lat' dir='ltr'>stipata</span> <span class='ocrx_word' id='word_1_11' title='bbox 831 422 893 462; x_wconf 90' lang='lat' dir='ltr'>vel</span> <span class='ocrx_word' id='word_1_12' title='bbox 915 422 1188 472; x_wconf 73' lang='lat' dir='ltr'>subcomata,</span> <span class='ocrx_word' id='word_1_13' title='bbox 1212 423 1572 476; x_wconf 82' lang='lat' dir='ltr'>subsphaeroidea</span> 
     </span>
     <span class='ocr_line' id='line_1_4' title="bbox 92 500 1571 553; baseline 0.003 -13"><span class='ocrx_word' id='word_1_14' title='bbox 92 500 158 541; x_wconf 82' lang='lat' dir='ltr'>vel</span> <span class='ocrx_word' id='word_1_15' title='bbox 185 500 440 542; x_wconf 85' lang='lat' dir='ltr'>subovoidea</span> <span class='ocrx_word' id='word_1_16' title='bbox 470 500 533 541; x_wconf 90' lang='lat' dir='ltr'>vel</span> <span class='ocrx_word' id='word_1_17' title='bbox 562 504 705 541; x_wconf 82' lang='lat' dir='ltr'>mutua</span> <span class='ocrx_word' id='word_1_18' title='bbox 745 501 959 553; x_wconf 82' lang='lat' dir='ltr'>pressione</span> <span class='ocrx_word' id='word_1_19' title='bbox 1000 501 1220 553; x_wconf 85' lang='lat' dir='ltr'>difformia,</span> <span class='ocrx_word' id='word_1_20' title='bbox 1260 503 1413 544; x_wconf 90' lang='lat' dir='ltr'>vertice</span> <span class='ocrx_word' id='word_1_21' title='bbox 1443 504 1571 544; x_wconf 87' lang='lat' dir='ltr'>inter-</span> 
     </span>
     <span class='ocr_line' id='line_1_5' title="bbox 94 579 1570 635; baseline 0.003 -16"><span class='ocrx_word' id='word_1_22' title='bbox 94 579 189 619; x_wconf 85' lang='lat' dir='ltr'>dum</span> <span class='ocrx_word' id='word_1_23' title='bbox 222 580 432 632; x_wconf 84' lang='lat' dir='ltr'>depressa,</span> <span class='ocrx_word' id='word_1_24' title='bbox 466 579 618 620; x_wconf 88' lang='lat' dir='ltr'>ostiolo</span> <span class='ocrx_word' id='word_1_25' title='bbox 651 579 840 621; x_wconf 88' lang='lat' dir='ltr'>obsoleto</span> <span class='ocrx_word' id='word_1_26' title='bbox 878 581 940 621; x_wconf 86' lang='lat' dir='ltr'>vel</span> <span class='ocrx_word' id='word_1_27' title='bbox 971 581 1175 634; x_wconf 88' lang='lat' dir='ltr'>impresso</span> <span class='ocrx_word' id='word_1_28' title='bbox 1215 581 1278 622; x_wconf 84' lang='lat' dir='ltr'>vel</span> <span class='ocrx_word' id='word_1_29' title='bbox 1308 581 1465 623; x_wconf 84' lang='lat' dir='ltr'>minute</span> <span class='ocrx_word' id='word_1_30' title='bbox 1496 597 1570 635; x_wconf 87' lang='lat' dir='ltr'>pa-</span> 
     </span>
     <span class='ocr_line' id='line_1_6' title="bbox 91 658 1567 713; baseline 0.003 -15"><span class='ocrx_word' id='word_1_31' title='bbox 91 658 252 710; x_wconf 87' lang='lat' dir='ltr'>pillato,</span> <span class='ocrx_word' id='word_1_32' title='bbox 284 658 474 708; x_wconf 80' lang='lat' dir='ltr'>nitidula,</span> <span class='ocrx_word' id='word_1_33' title='bbox 507 658 652 707; x_wconf 83' lang='lat' dir='ltr'>laevia,</span> <span class='ocrx_word' id='word_1_34' title='bbox 694 659 853 713; x_wconf 80' lang='lat' dir='ltr'>glabra,</span> <span class='ocrx_word' id='word_1_35' title='bbox 894 663 998 709; x_wconf 79' lang='lat' dir='ltr'>atra,</span> <span class='ocrx_word' id='word_1_36' title='bbox 1040 661 1145 701; x_wconf 85' lang='lat' dir='ltr'>latit.</span> <span class='ocrx_word' id='word_1_37' title='bbox 1179 660 1345 701; x_wconf 77' lang='lat' dir='ltr'>circiter</span> <span class='ocrx_word' id='word_1_38' title='bbox 1374 663 1443 710; x_wconf 85' lang='lat' dir='ltr'>O,4</span> <span class='ocrx_word' id='word_1_39' title='bbox 1474 677 1567 702; x_wconf 89' lang='lat' dir='ltr'>mm.</span> 
     </span>
     <span class='ocr_line' id='line_1_7' title="bbox 92 737 1568 791; baseline 0.002 -13"><span class='ocrx_word' id='word_1_40' title='bbox 92 737 189 778; x_wconf 89' lang='lat' dir='ltr'>Asci</span> <span class='ocrx_word' id='word_1_41' title='bbox 236 737 502 791; x_wconf 82' lang='lat' dir='ltr'>cylindracei,</span> <span class='ocrx_word' id='word_1_42' title='bbox 548 738 693 791; x_wconf 81' lang='lat' dir='ltr'>longit.</span> <span class='ocrx_word' id='word_1_43' title='bbox 743 740 906 779; x_wconf 74' lang='lat'>70—78</span> <span class='ocrx_word' id='word_1_44' title='bbox 953 754 1104 789; x_wconf 65' lang='lat' dir='ltr'>mmm„</span> <span class='ocrx_word' id='word_1_45' title='bbox 1152 741 1314 781; x_wconf 88' lang='lat' dir='ltr'>orassit.</span> <span class='ocrx_word' id='word_1_46' title='bbox 1362 743 1385 781; x_wconf 87' lang='lat'><strong>7</strong></span> <span class='ocrx_word' id='word_1_47' title='bbox 1430 756 1568 781; x_wconf 85' lang='lat' dir='ltr'>mmm.</span> 
     </span>
     <span class='ocr_line' id='line_1_8' title="bbox 91 815 1569 873; baseline 0.003 -17"><span class='ocrx_word' id='word_1_48' title='bbox 91 815 249 869; x_wconf 83' lang='lat' dir='ltr'>Sporae</span> <span class='ocrx_word' id='word_1_49' title='bbox 282 818 414 866; x_wconf 79' lang='lat' dir='ltr'>Sznae,</span> <span class='ocrx_word' id='word_1_50' title='bbox 447 818 747 866; x_wconf 85' lang='lat' dir='ltr'>monostichae‚</span> <span class='ocrx_word' id='word_1_51' title='bbox 780 817 1064 870; x_wconf 85' lang='lat' dir='ltr'>ellipsoideae,</span> <span class='ocrx_word' id='word_1_52' title='bbox 1093 819 1371 872; x_wconf 81' lang='lat' dir='ltr'>uniseptatae,</span> <span class='ocrx_word' id='word_1_53' title='bbox 1402 820 1455 860; x_wconf 84' lang='lat' dir='ltr'>ad</span> <span class='ocrx_word' id='word_1_54' title='bbox 1477 834 1569 873; x_wconf 85' lang='lat' dir='ltr'>sep-</span> 
     </span>
     <span class='ocr_line' id='line_1_9' title="bbox 89 896 1567 952; baseline 0.003 -17"><span class='ocrx_word' id='word_1_55' title='bbox 89 899 176 936; x_wconf 90' lang='lat' dir='ltr'>tum</span> <span class='ocrx_word' id='word_1_56' title='bbox 196 896 308 936; x_wconf 84' lang='lat' dir='ltr'>haud</span> <span class='ocrx_word' id='word_1_57' title='bbox 331 896 393 937; x_wconf 87' lang='lat' dir='ltr'>vel</span> <span class='ocrx_word' id='word_1_58' title='bbox 414 897 479 937; x_wconf 88' lang='lat' dir='ltr'>vix</span> <span class='ocrx_word' id='word_1_59' title='bbox 512 897 777 947; x_wconf 77' lang='lat' dir='ltr'>constrictae,</span> <span class='ocrx_word' id='word_1_60' title='bbox 801 897 1037 947; x_wconf 84' lang='lat' dir='ltr'>subfuscae,</span> <span class='ocrx_word' id='word_1_61' title='bbox 1061 898 1205 952; x_wconf 78' lang='lat' dir='ltr'>longit.</span> <span class='ocrx_word' id='word_1_62' title='bbox 1232 900 1394 940; x_wconf 79' lang='lat'>10—12</span> <span class='ocrx_word' id='word_1_63' title='bbox 1415 914 1567 948; x_wconf 64' lang='lat' dir='ltr'>mmm„</span> 
     </span>
     <span class='ocr_line' id='line_1_10' title="bbox 89 975 1568 1030; baseline 0.003 -16"><span class='ocrx_word' id='word_1_64' title='bbox 89 975 250 1015; x_wconf 86' lang='lat' dir='ltr'>crassit.</span> <span class='ocrx_word' id='word_1_65' title='bbox 302 977 408 1016; x_wconf 78' lang='grc'>5-6</span> <span class='ocrx_word' id='word_1_66' title='bbox 459 991 595 1015; x_wconf 86' lang='lat' dir='ltr'>mmm.</span> <span class='ocrx_word' id='word_1_67' title='bbox 667 976 929 1030; x_wconf 78' lang='lat' dir='ltr'>Paraphyses</span> <span class='ocrx_word' id='word_1_68' title='bbox 979 976 1207 1027; x_wconf 83' lang='lat' dir='ltr'>filiformes‚</span> <span class='ocrx_word' id='word_1_69' title='bbox 1257 992 1462 1019; x_wconf 77' lang='lat' dir='ltr'>ramosae.</span> <span class='ocrx_word' id='word_1_70' title='bbox 1513 1004 1568 1008; x_wconf 97' lang='lat'><strong>—</strong></span> 
     </span>
     <span class='ocr_line' id='line_1_11' title="bbox 91 1054 1567 1110; baseline 0.003 -16"><span class='ocrx_word' id='word_1_71' title='bbox 91 1054 319 1108; x_wconf 87' lang='lat' dir='ltr'>„Pycnides</span> <span class='ocrx_word' id='word_1_72' title='bbox 351 1055 579 1109; x_wconf 81' lang='lat' dir='ltr'>gregariae,</span> <span class='ocrx_word' id='word_1_73' title='bbox 613 1059 762 1105; x_wconf 81' lang='lat' dir='ltr'>tectae,</span> <span class='ocrx_word' id='word_1_74' title='bbox 796 1056 960 1097; x_wconf 87' lang='lat' dir='ltr'>demum</span> <span class='ocrx_word' id='word_1_75' title='bbox 991 1070 1066 1109; x_wconf 90' lang='lat' dir='ltr'>per</span> <span class='ocrx_word' id='word_1_76' title='bbox 1096 1057 1393 1110; x_wconf 86' lang='lat' dir='ltr'>peridermium</span> <span class='ocrx_word' id='word_1_77' title='bbox 1423 1057 1567 1099; x_wconf 84' lang='lat' dir='ltr'>fissum</span> 
     </span>
     <span class='ocr_line' id='line_1_12' title="bbox 88 1134 1568 1191; baseline 0.003 -17"><span class='ocrx_word' id='word_1_78' title='bbox 88 1137 365 1186; x_wconf 77' lang='lat' dir='ltr'>erumpentes,</span> <span class='ocrx_word' id='word_1_79' title='bbox 398 1134 665 1187; x_wconf 73' lang='lat' dir='ltr'>majusculae,</span> <span class='ocrx_word' id='word_1_80' title='bbox 699 1135 966 1188; x_wconf 78' lang='lat' dir='ltr'>applanatae,</span> <span class='ocrx_word' id='word_1_81' title='bbox 997 1136 1241 1189; x_wconf 82' lang='lat' dir='ltr'>papillatae.</span> <span class='ocrx_word' id='word_1_82' title='bbox 1297 1137 1568 1191; x_wconf 82' lang='lat' dir='ltr'>Stylosporae</span> 
     </span>
     <span class='ocr_line' id='line_1_13' title="bbox 88 1213 1567 1271; baseline 0.003 -18"><span class='ocrx_word' id='word_1_83' title='bbox 88 1213 339 1267; x_wconf 85' lang='lat' dir='ltr'>oblongatae</span> <span class='ocrx_word' id='word_1_84' title='bbox 389 1214 453 1255; x_wconf 87' lang='lat' dir='ltr'>vel</span> <span class='ocrx_word' id='word_1_85' title='bbox 498 1215 708 1263; x_wconf 83' lang='lat' dir='ltr'>ovoideae,</span> <span class='ocrx_word' id='word_1_86' title='bbox 756 1215 1032 1268; x_wconf 81' lang='lat' dir='ltr'>uniseptatae,</span> <span class='ocrx_word' id='word_1_87' title='bbox 1078 1216 1234 1266; x_wconf 77' lang='lat' dir='ltr'>fuscae,</span> <span class='ocrx_word' id='word_1_88' title='bbox 1280 1217 1567 1271; x_wconf 77' lang='lat' dir='ltr'>magnitudine</span> 
     </span>
     <span class='ocr_line' id='line_1_14' title="bbox 87 1292 236 1333; baseline 0.007 -1"><span class='ocrx_word' id='word_1_89' title='bbox 87 1292 236 1333; x_wconf 83' lang='lat' dir='ltr'>varia.“</span> 
     </span>
    </p>

    <p class='ocr_par' dir='ltr' id='par_1_3' title="bbox 87 1382 1567 1505">
     <span class='ocr_line' id='line_1_15' title="bbox 218 1382 1567 1441; baseline 0.004 -18"><span class='ocrx_word' id='word_1_90' title='bbox 218 1382 327 1424; x_wconf 85' lang='lat' dir='ltr'>Hab.</span> <span class='ocrx_word' id='word_1_91' title='bbox 387 1383 433 1423; x_wconf 90' lang='lat' dir='ltr'>In</span> <span class='ocrx_word' id='word_1_92' title='bbox 464 1385 636 1425; x_wconf 87' lang='lat' dir='ltr'>ramulis</span> <span class='ocrx_word' id='word_1_93' title='bbox 669 1384 890 1425; x_wconf 78' lang='lat' dir='ltr'>exsiccatis</span> <span class='ocrx_word' id='word_1_94' title='bbox 923 1386 1079 1440; x_wconf 72' lang='lat' dir='ltr'>Populi</span> <span class='ocrx_word' id='word_1_95' title='bbox 1113 1388 1257 1441; x_wconf 63' lang='lat' dir='ltr'>nigrae</span> <span class='ocrx_word' id='word_1_96' title='bbox 1295 1386 1337 1426; x_wconf 92' lang='lat' dir='ltr'>in</span> <span class='ocrx_word' id='word_1_97' title='bbox 1369 1386 1567 1428; x_wconf 83' lang='lat' dir='ltr'>Mustiala</span> 
     </span>
     <span class='ocr_line' id='line_1_16' title="bbox 87 1462 630 1505; baseline 0.006 -3"><span class='ocrx_word' id='word_1_98' title='bbox 87 1476 226 1503; x_wconf 88' lang='lat' dir='ltr'>mense</span> <span class='ocrx_word' id='word_1_99' title='bbox 257 1462 479 1504; x_wconf 83' lang='lat' dir='ltr'>Decembri</span> <span class='ocrx_word' id='word_1_100' title='bbox 510 1463 630 1505; x_wconf 79' lang='lat' dir='ltr'>lecta.</span> 
     </span>
    </p>
   </div>
   <div class='ocr_carea' id='block_1_3' title="bbox 83 1545 1564 1935">
    <p class='ocr_par' dir='ltr' id='par_1_4' title="bbox 83 1545 1564 1935">
     <span class='ocr_line' id='line_1_17' title="bbox 219 1545 1562 1597; baseline 0.004 -16"><span class='ocrx_word' id='word_1_101' title='bbox 219 1549 275 1582; x_wconf 91' lang='lat' dir='ltr'>Ab</span> <span class='ocrx_word' id='word_1_102' title='bbox 310 1549 430 1582; x_wconf 67' lang='lat' dir='ltr'>Orthia</span> <span class='ocrx_word' id='word_1_103' title='bbox 454 1550 635 1593; x_wconf 70' lang='lat' dir='ltr'>populina</span> <span class='ocrx_word' id='word_1_104' title='bbox 666 1551 776 1584; x_wconf 76' lang='lat' dir='ltr'>FUCK.</span> <span class='ocrx_word' id='word_1_105' title='bbox 808 1551 830 1583; x_wconf 92' lang='lat' dir='ltr'>l.</span> <span class='ocrx_word' id='word_1_106' title='bbox 866 1562 895 1584; x_wconf 90' lang='lat' dir='ltr'>c.</span> <span class='ocrx_word' id='word_1_107' title='bbox 929 1549 1111 1594; x_wconf 68' lang='lat' dir='ltr'>Splzaeria</span> <span class='ocrx_word' id='word_1_108' title='bbox 1133 1551 1316 1595; x_wconf 67' lang='lat' dir='ltr'>popul-ina</span> <span class='ocrx_word' id='word_1_109' title='bbox 1346 1545 1456 1586; x_wconf 81' lang='lat' dir='ltr'>PERS.</span> <span class='ocrx_word' id='word_1_110' title='bbox 1478 1553 1562 1597; x_wconf 81' lang='lat' dir='ltr'>Syn.</span> 
     </span>
     <span class='ocr_line' id='line_1_18' title="bbox 85 1613 1564 1662; baseline 0.003 -13"><span class='ocrx_word' id='word_1_111' title='bbox 85 1616 196 1659; x_wconf 82' lang='lat' dir='ltr'>Fung.</span> <span class='ocrx_word' id='word_1_112' title='bbox 230 1628 264 1660; x_wconf 87' lang='lat' dir='ltr'>p.</span> <span class='ocrx_word' id='word_1_113' title='bbox 299 1613 349 1649; x_wconf 82' lang='grc'>50</span> <span class='ocrx_word' id='word_1_114' title='bbox 382 1617 499 1650; x_wconf 74' lang='lat' dir='ltr'>differt</span> <span class='ocrx_word' id='word_1_115' title='bbox 530 1618 744 1662; x_wconf 76' lang='lat' dir='ltr'>caespitibus</span> <span class='ocrx_word' id='word_1_116' title='bbox 775 1619 970 1652; x_wconf 85' lang='lat' dir='ltr'>minoribns</span> <span class='ocrx_word' id='word_1_117' title='bbox 1008 1617 1115 1660; x_wconf 85' lang='lat' dir='ltr'>(latit.</span> <span class='ocrx_word' id='word_1_118' title='bbox 1152 1616 1295 1660; x_wconf 83' lang='lat' dir='ltr'>l—-l‚5</span> <span class='ocrx_word' id='word_1_119' title='bbox 1327 1617 1439 1662; x_wconf 88' lang='lat' dir='ltr'>mm.),</span> <span class='ocrx_word' id='word_1_120' title='bbox 1475 1624 1564 1654; x_wconf 88' lang='lat' dir='ltr'>stro-</span> 
     </span>
     <span class='ocr_line' id='line_1_19' title="bbox 83 1684 1563 1729; baseline 0.003 -13"><span class='ocrx_word' id='word_1_121' title='bbox 83 1686 177 1717; x_wconf 84' lang='lat' dir='ltr'>mate</span> <span class='ocrx_word' id='word_1_122' title='bbox 214 1684 384 1725; x_wconf 82' lang='lat' dir='ltr'>tenuiore,</span> <span class='ocrx_word' id='word_1_123' title='bbox 423 1685 627 1728; x_wconf 85' lang='lat' dir='ltr'>perithcciis</span> <span class='ocrx_word' id='word_1_124' title='bbox 667 1686 985 1729; x_wconf 74' lang='lat' dir='ltr'>snbsphacroidcis,</span> <span class='ocrx_word' id='word_1_125' title='bbox 1025 1687 1264 1727; x_wconf 77' lang='lat' dir='ltr'>snbconnatiS,</span> <span class='ocrx_word' id='word_1_126' title='bbox 1296 1687 1411 1721; x_wconf 90' lang='lat' dir='ltr'>minus</span> <span class='ocrx_word' id='word_1_127' title='bbox 1449 1688 1563 1721; x_wconf 81' lang='lat' dir='ltr'>diver-</span> 
     </span>
     <span class='ocr_line' id='line_1_20' title="bbox 83 1752 1563 1799; baseline 0.003 -15"><span class='ocrx_word' id='word_1_128' title='bbox 83 1752 249 1794; x_wconf 79' lang='lat' dir='ltr'>gentibus</span> <span class='ocrx_word' id='word_1_129' title='bbox 279 1755 346 1785; x_wconf 85' lang='lat' dir='ltr'>etc.</span> <span class='ocrx_word' id='word_1_130' title='bbox 407 1753 581 1796; x_wconf 74' lang='lat' dir='ltr'>Pycnidcs</span> <span class='ocrx_word' id='word_1_131' title='bbox 620 1754 775 1787; x_wconf 87' lang='lat' dir='ltr'>nondum</span> <span class='ocrx_word' id='word_1_132' title='bbox 813 1754 915 1787; x_wconf 86' lang='lat' dir='ltr'>nobis</span> <span class='ocrx_word' id='word_1_133' title='bbox 952 1754 1058 1795; x_wconf 83' lang='lat' dir='ltr'>visae,</span> <span class='ocrx_word' id='word_1_134' title='bbox 1095 1755 1157 1788; x_wconf 85' lang='lat' dir='ltr'>scd</span> <span class='ocrx_word' id='word_1_135' title='bbox 1192 1758 1382 1788; x_wconf 86' lang='lat' dir='ltr'>occurrunt</span> <span class='ocrx_word' id='word_1_136' title='bbox 1410 1756 1563 1799; x_wconf 85' lang='lat' dir='ltr'>perithe-</span> 
     </span>
     <span class='ocr_line' id='line_1_21' title="bbox 84 1819 1563 1867; baseline 0.003 -15"><span class='ocrx_word' id='word_1_137' title='bbox 84 1819 145 1852; x_wconf 89' lang='lat' dir='ltr'>ciis</span> <span class='ocrx_word' id='word_1_138' title='bbox 177 1820 364 1853; x_wconf 80' lang='lat' dir='ltr'>commixta</span> <span class='ocrx_word' id='word_1_139' title='bbox 404 1821 650 1864; x_wconf 82' lang='lat' dir='ltr'>spcrmogonia</span> <span class='ocrx_word' id='word_1_140' title='bbox 687 1822 917 1865; x_wconf 83' lang='lat' dir='ltr'>erumpentia,</span> <span class='ocrx_word' id='word_1_141' title='bbox 958 1822 1198 1865; x_wconf 82' lang='lat' dir='ltr'>sphaeroidea,</span> <span class='ocrx_word' id='word_1_142' title='bbox 1234 1826 1320 1864; x_wconf 80' lang='lat' dir='ltr'>atra,</span> <span class='ocrx_word' id='word_1_143' title='bbox 1361 1824 1563 1867; x_wconf 85' lang='lat' dir='ltr'>peritheciis</span> 
     </span>
     <span class='ocr_line' id='line_1_22' title="bbox 83 1887 1562 1935; baseline 0.004 -16"><span class='ocrx_word' id='word_1_144' title='bbox 83 1887 228 1928; x_wconf 79' lang='lat' dir='ltr'>minora,</span> <span class='ocrx_word' id='word_1_145' title='bbox 261 1888 451 1931; x_wconf 81' lang='lat' dir='ltr'>spermatia</span> <span class='ocrx_word' id='word_1_146' title='bbox 482 1889 682 1931; x_wconf 85' lang='lat' dir='ltr'>oblongata,</span> <span class='ocrx_word' id='word_1_147' title='bbox 721 1890 904 1934; x_wconf 85' lang='lat' dir='ltr'>simplicia,</span> <span class='ocrx_word' id='word_1_148' title='bbox 942 1890 1122 1930; x_wconf 83' lang='lat' dir='ltr'>incoloria,</span> <span class='ocrx_word' id='word_1_149' title='bbox 1157 1887 1263 1923; x_wconf 80' lang='grc'>5-6</span> <span class='ocrx_word' id='word_1_150' title='bbox 1295 1902 1412 1924; x_wconf 88' lang='lat' dir='ltr'>mmm.</span> <span class='ocrx_word' id='word_1_151' title='bbox 1445 1892 1562 1935; x_wconf 85' lang='lat' dir='ltr'>longa,</span> 
     </span>
    </p>
   </div>
   <div class='ocr_carea' id='block_1_4' title="bbox 85 1951 661 1989">
    <p class='ocr_par' dir='ltr' id='par_1_5' title="bbox 85 1951 661 1989">
     <span class='ocr_line' id='line_1_23' title="bbox 85 1951 661 1989; baseline 0.002 -2"><span class='ocrx_word' id='word_1_152' title='bbox 85 1951 106 1987; x_wconf 81' lang='grc'>2</span> <span class='ocrx_word' id='word_1_153' title='bbox 139 1966 255 1988; x_wconf 86' lang='lat' dir='ltr'>mmm.</span> <span class='ocrx_word' id='word_1_154' title='bbox 288 1966 404 1989; x_wconf 86' lang='lat' dir='ltr'>crassa</span> <span class='ocrx_word' id='word_1_155' title='bbox 434 1956 661 1989; x_wconf 82' lang='lat' dir='ltr'>includentia.</span> 
     </span>
    </p>
   </div>
   <div class='ocr_carea' id='block_1_5' title="bbox 214 2072 891 2126">
    <p class='ocr_par' dir='ltr' id='par_1_6' title="bbox 214 2072 891 2126">
     <span class='ocr_line' id='line_1_24' title="bbox 214 2072 891 2126; baseline 0.001 -15"><span class='ocrx_word' id='word_1_156' title='bbox 214 2073 252 2111; x_wconf 79' lang='lat'>2.</span> <span class='ocrx_word' id='word_1_157' title='bbox 314 2072 450 2112; x_wconf 89' lang='lat' dir='ltr'>Otth.</span> <span class='ocrx_word' id='word_1_158' title='bbox 484 2072 717 2126; x_wconf 81' lang='lat' dir='ltr'>corylina</span> <span class='ocrx_word' id='word_1_159' title='bbox 749 2073 891 2113; x_wconf 20' lang='lat' dir='ltr'>Krinsr.</span> 
     </span>
    </p>
   </div>
   <div class='ocr_carea' id='block_1_6' title="bbox 81 2162 1609 2852">
    <p class='ocr_par' dir='ltr' id='par_1_7' title="bbox 81 2162 1609 2772">
     <span class='ocr_line' id='line_1_25' title="bbox 215 2162 1561 2219; baseline 0.004 -17"><span class='ocrx_word' id='word_1_160' title='bbox 215 2162 452 2203; x_wconf 85' lang='lat' dir='ltr'>Perithecia</span> <span class='ocrx_word' id='word_1_161' title='bbox 482 2163 523 2203; x_wconf 90' lang='lat' dir='ltr'>in</span> <span class='ocrx_word' id='word_1_162' title='bbox 556 2163 811 2217; x_wconf 77' lang='lat' dir='ltr'>caespitibus</span> <span class='ocrx_word' id='word_1_163' title='bbox 833 2178 908 2216; x_wconf 88' lang='lat' dir='ltr'>per</span> <span class='ocrx_word' id='word_1_164' title='bbox 929 2165 1225 2216; x_wconf 86' lang='lat' dir='ltr'>peridermium</span> <span class='ocrx_word' id='word_1_165' title='bbox 1247 2167 1561 2219; x_wconf 71' lang='lat' dir='ltr'>erumpentibus</span> 
     </span>
     <span class='ocr_line' id='line_1_26' title="bbox 81 2240 1560 2298; baseline 0.005 -18"><span class='ocrx_word' id='word_1_166' title='bbox 81 2240 322 2294; x_wconf 88' lang='lat' dir='ltr'>plerumqve</span> <span class='ocrx_word' id='word_1_167' title='bbox 354 2242 480 2283; x_wconf 87' lang='lat' dir='ltr'>dense</span> <span class='ocrx_word' id='word_1_168' title='bbox 511 2243 677 2295; x_wconf 80' lang='lat' dir='ltr'>stipata,</span> <span class='ocrx_word' id='word_1_169' title='bbox 700 2243 835 2284; x_wconf 82' lang='lat' dir='ltr'>forma</span> <span class='ocrx_word' id='word_1_170' title='bbox 857 2243 982 2292; x_wconf 83' lang='lat' dir='ltr'>varia,</span> <span class='ocrx_word' id='word_1_171' title='bbox 1005 2243 1247 2296; x_wconf 85' lang='lat' dir='ltr'>plerumqve</span> <span class='ocrx_word' id='word_1_172' title='bbox 1269 2245 1560 2298; x_wconf 83' lang='lat' dir='ltr'>sphaeroidea,</span> 
     </span>
     <span class='ocr_line' id='line_1_27' title="bbox 83 2320 1560 2376; baseline 0.003 -16"><span class='ocrx_word' id='word_1_173' title='bbox 83 2320 234 2361; x_wconf 83' lang='lat' dir='ltr'>ostiolo</span> <span class='ocrx_word' id='word_1_174' title='bbox 267 2320 457 2362; x_wconf 87' lang='lat' dir='ltr'>obsoleto</span> <span class='ocrx_word' id='word_1_175' title='bbox 489 2321 553 2362; x_wconf 87' lang='lat' dir='ltr'>vel</span> <span class='ocrx_word' id='word_1_176' title='bbox 583 2322 740 2362; x_wconf 88' lang='lat' dir='ltr'>minute</span> <span class='ocrx_word' id='word_1_177' title='bbox 771 2322 975 2375; x_wconf 81' lang='lat' dir='ltr'>papillato</span> <span class='ocrx_word' id='word_1_178' title='bbox 1001 2322 1063 2363; x_wconf 86' lang='lat' dir='ltr'>vel</span> <span class='ocrx_word' id='word_1_179' title='bbox 1084 2323 1303 2376; x_wconf 87' lang='lat' dir='ltr'>impresso,</span> <span class='ocrx_word' id='word_1_180' title='bbox 1327 2328 1432 2373; x_wconf 84' lang='lat' dir='ltr'>atra,</span> <span class='ocrx_word' id='word_1_181' title='bbox 1454 2325 1560 2365; x_wconf 85' lang='lat' dir='ltr'>latit.</span> 
     </span>
     <span class='ocr_line' id='line_1_28' title="bbox 82 2400 1561 2457; baseline 0.003 -18"><span class='ocrx_word' id='word_1_182' title='bbox 82 2400 292 2448; x_wconf 75' lang='lat' dir='ltr'>0‚3-O,6.</span> <span class='ocrx_word' id='word_1_183' title='bbox 352 2401 450 2441; x_wconf 91' lang='lat' dir='ltr'>Asci</span> <span class='ocrx_word' id='word_1_184' title='bbox 494 2401 748 2454; x_wconf 85' lang='lat' dir='ltr'>pedicellati,</span> <span class='ocrx_word' id='word_1_185' title='bbox 795 2401 1061 2454; x_wconf 77' lang='lat' dir='ltr'>cylindracei,</span> <span class='ocrx_word' id='word_1_186' title='bbox 1103 2402 1247 2457; x_wconf 86' lang='lat' dir='ltr'>longit.</span> <span class='ocrx_word' id='word_1_187' title='bbox 1293 2405 1371 2444; x_wconf 78' lang='lat'>160</span> <span class='ocrx_word' id='word_1_188' title='bbox 1408 2419 1561 2455; x_wconf 71' lang='lat' dir='ltr'>mmm,</span> 
     </span>
     <span class='ocr_line' id='line_1_29' title="bbox 83 2478 1562 2534; baseline 0.004 -16"><span class='ocrx_word' id='word_1_189' title='bbox 83 2478 246 2519; x_wconf 84' lang='lat' dir='ltr'>crassit.</span> <span class='ocrx_word' id='word_1_190' title='bbox 283 2481 445 2521; x_wconf 79' lang='lat'>18—20</span> <span class='ocrx_word' id='word_1_191' title='bbox 485 2495 622 2521; x_wconf 87' lang='lat' dir='ltr'>mmm.</span> <span class='ocrx_word' id='word_1_192' title='bbox 684 2481 843 2534; x_wconf 79' lang='lat' dir='ltr'>Sporae</span> <span class='ocrx_word' id='word_1_193' title='bbox 885 2482 1017 2530; x_wconf 79' lang='lat' dir='ltr'>Smae,</span> <span class='ocrx_word' id='word_1_194' title='bbox 1057 2481 1222 2534; x_wconf 86' lang='lat' dir='ltr'>obliqve</span> <span class='ocrx_word' id='word_1_195' title='bbox 1261 2483 1562 2533; x_wconf 84' lang='lat' dir='ltr'>monostichae,</span> 
     </span>
     <span class='ocr_line' id='line_1_30' title="bbox 83 2556 1560 2613; baseline 0.003 -17"><span class='ocrx_word' id='word_1_196' title='bbox 83 2556 368 2610; x_wconf 85' lang='lat' dir='ltr'>ellipsoideae,</span> <span class='ocrx_word' id='word_1_197' title='bbox 400 2558 677 2612; x_wconf 85' lang='lat' dir='ltr'>uniseptatae,</span> <span class='ocrx_word' id='word_1_198' title='bbox 710 2560 763 2600; x_wconf 81' lang='lat' dir='ltr'>ad</span> <span class='ocrx_word' id='word_1_199' title='bbox 794 2563 957 2613; x_wconf 88' lang='lat' dir='ltr'>septum</span> <span class='ocrx_word' id='word_1_200' title='bbox 990 2560 1254 2606; x_wconf 77' lang='lat' dir='ltr'>constrictae,</span> <span class='ocrx_word' id='word_1_201' title='bbox 1285 2561 1441 2610; x_wconf 84' lang='lat' dir='ltr'>fuscae,</span> <span class='ocrx_word' id='word_1_202' title='bbox 1473 2562 1560 2602; x_wconf 88' lang='lat' dir='ltr'>lon-</span> 
     </span>
     <span class='ocr_line' id='line_1_31' title="bbox 83 2635 1609 2694; baseline 0.004 -19"><span class='ocrx_word' id='word_1_203' title='bbox 83 2635 154 2689; x_wconf 87' lang='lat' dir='ltr'>git.</span> <span class='ocrx_word' id='word_1_204' title='bbox 179 2637 344 2678; x_wconf 82' lang='lat'>22—30</span> <span class='ocrx_word' id='word_1_205' title='bbox 365 2652 517 2687; x_wconf 69' lang='lat' dir='ltr'>mmm,</span> <span class='ocrx_word' id='word_1_206' title='bbox 550 2640 711 2680; x_wconf 88' lang='lat' dir='ltr'>crassit.</span> <span class='ocrx_word' id='word_1_207' title='bbox 748 2642 910 2680; x_wconf 80' lang='lat'>12—14</span> <span class='ocrx_word' id='word_1_208' title='bbox 938 2654 1076 2679; x_wconf 86' lang='lat' dir='ltr'>mmm.</span> <span class='ocrx_word' id='word_1_209' title='bbox 1122 2640 1387 2694; x_wconf 82' lang='lat' dir='ltr'>Paraphyses</span> <span class='ocrx_word' id='word_1_210' title='bbox 1417 2639 1562 2682; x_wconf 87' lang='lat' dir='ltr'>filifor-</span> <span class='ocrx_word' id='word_1_211' title='bbox 1607 2674 1609 2676; x_wconf 56' lang='grc'>,</span> 
     </span>
     <span class='ocr_line' id='line_1_32' title="bbox 82 2716 1558 2772; baseline 0.005 -18"><span class='ocrx_word' id='word_1_212' title='bbox 82 2727 182 2755; x_wconf 88' lang='lat' dir='ltr'>mes.</span> <span class='ocrx_word' id='word_1_213' title='bbox 219 2739 262 2744; x_wconf 93' lang='lat'><strong>—</strong></span> <span class='ocrx_word' id='word_1_214' title='bbox 302 2716 530 2770; x_wconf 85' lang='lat' dir='ltr'>„Pyenides</span> <span class='ocrx_word' id='word_1_215' title='bbox 562 2732 745 2771; x_wconf 80' lang='lat' dir='ltr'>sparsae,</span> <span class='ocrx_word' id='word_1_216' title='bbox 780 2722 1057 2772; x_wconf 85' lang='lat' dir='ltr'>erumpentes,</span> <span class='ocrx_word' id='word_1_217' title='bbox 1080 2719 1397 2771; x_wconf 84' lang='lat' dir='ltr'>sphaeroideae,</span> <span class='ocrx_word' id='word_1_218' title='bbox 1430 2725 1558 2770; x_wconf 85' lang='lat' dir='ltr'>atrae,</span> 
     </span>
    </p>

    <p class='ocr_par' dir='ltr' id='par_1_8' title="bbox 111 2794 1560 2852">
     <span class='ocr_line' id='line_1_33' title="bbox 111 2794 1560 2852; baseline 0.005 -18"><span class='ocrx_word' id='word_1_219' title='bbox 111 2794 244 2835; x_wconf 86' lang='lat' dir='ltr'>stiolis</span> <span class='ocrx_word' id='word_1_220' title='bbox 276 2795 940 2850; x_wconf 80' lang='lat' dir='ltr'>sphaeroideo·papilliformibus,</span> <span class='ocrx_word' id='word_1_221' title='bbox 982 2798 1281 2849; x_wconf 87' lang='lat' dir='ltr'>minutissimis,</span> <span class='ocrx_word' id='word_1_222' title='bbox 1323 2800 1560 2852; x_wconf 87' lang='lat' dir='ltr'>perforatis,</span> 
     </span>
    </p>
   </div>
  </div>
 </body>
</html>
