1856 3177
1429 197 1481 236 87

66 341 317 382 compresso,
347 326 566 376 latissimo,
589 326 852 375 subcrenato,
875 325 1007 380 nigra,
1030 324 1201 365 minuta.
1253 324 1353 365 Asci
1374 322 1538 374 clavati,

64 408 208 463 longit.
243 407 435 449 75—100
464 420 617 455 mmm.⁷
650 405 810 446 crassit.
837 406 1000 446 10-13
1031 398 1167 444 mnfflm.
1220 402 1379 456 Sporae
1404 404 1538 453 82nae‚

64 487 280 536 distichae,
320 485 765 539 fusoideo-elongatae‚
807 488 1015 534 curvatae,
1057 482 1229 538 guttulis
1268 484 1290 524 6
1321 482 1540 536 praeditae

63 567 128 610 vel
160 566 340 609 tenuiter
370 566 703 617 3—5-septatae,
736 564 872 605 medio
904 563 1168 612 constrictae,
1202 561 1541 616 chlorino·hyali-

64 660 154 696 nae,
186 645 330 699 longit.
364 646 529 686 24-35
561 659 713 694 mmm„
746 643 908 684 crassit.
940 645 1048 684 5-6
1077 657 1214 683 mmm.
1275 641 1539 695 Paraphyses

62 725 290 773 filiforrnes,
323 724 515 778 graciles.

197 812 280 856 Syn.
340 810 521 854 Sphaeria
560 810 709 843 cristata
748 821 773 842 α
812 814 962 842 arenata
999 809 1106 843 PERS.
1145 809 1228 853 Syn.
1260 808 1372 851 Fung.
1404 818 1438 851 p.
1473 802 1537 840 54.

63 878 243 924 Sphaeria
273 882 423 911 cremata
452 878 514 911 Fa.
549 878 642 922 Syst.
676 888 766 921 myc.
798 878 844 918 II,
875 889 909 921 p.
944 874 1036 910 469.

197 958 332 992 Exsicc.
394 958 524 991 KARst.
557 957 669 1000 Fung.
702 957 812 990 Fenn.
849 953 926 990 885
958 960 995 990 et
1026 953 1116 990 886.

197 1041 305 1082 Hab.
365 1041 429 1081 Ad
465 1054 604 1081 ramos
634 1043 922 1094 putrescentes
953 1039 1082 1081 Coo-ni
1110 1042 1373 1095 sanyvineae,
1406 1040 1542 1080 Rosa-

62 1137 166 1171 γυνη,
206 1121 383 1161 Vibm-ni
415 1120 545 1175 Opuli
573 1124 615 1160 et
645 1120 850 1174 Syrinyae
878 1120 1066 1175 vulgaris
1095 1119 1139 1159 in
1168 1119 1327 1160 Fennia
1346 1117 1541 1160 meridio-

61 1200 147 1241 nali
175 1204 217 1241 et
246 1200 384 1240 media
414 1199 686 1253 (Wasaeipse)
717 1199 829 1240 haud
859 1213 1012 1240 rarum.
1073 1199 1273 1239 Perenne.

196 1325 232 1364 9.
293 1323 338 1364 L.
371 1322 588 1364 caulium
619 1323 728 1376 (Fa.)
761 1322 853 1363 Cas.
877 1326 919 1363 et
939 1322 1001 1362 DE
1023 1322 1072 1362 N.
1096 1321 1258 1363 Schem.
1282 1321 1385 1363 Sfer.
1408 1336 1448 1375 p.
1472 1325 1538 1363 45.

194 1402 432 1443 Perithecia
454 1416 614 1455 sparsa,
632 1401 674 1441 in
696 1401 815 1442 caule
837 1401 1095 1454 epidermide
1113 1401 1310 1442 destituto
1332 1400 1539 1452 immersa,

63 1481 620 1536 sphaeroideo-ellipsoidea,
664 1481 814 1522 ostiolo
853 1481 1104 1534 prominulo,
1135 1481 1259 1530 nudo,
1293 1480 1540 1534 ellipsoideo

62 1561 126 1602 vel
169 1560 331 1610 lineari,
377 1561 536 1602 labiato
579 1560 842 1612 dehiscente,}
872 1564 975 1610 atra,
1016 1560 1188 1601 minuta.
1248 1559 1347 1601 Asci
1377 1559 1541 1610 clavati,

63 1639 207 1694 longit.
231 1640 398 1682 circiter
432 1641 510 1681 100
541 1654 679 1679 mmm.
712 1641 829 1692 (pars
859 1639 1003 1692 sporif.
1029 1641 1191 1681 72—85
1224 1640 1394 1693 mmm),
1430 1652 1542 1680 cras-

64 1718 130 1760 sit.
155 1721 319 1760 10—14
350 1734 488 1759 mmm.
549 1719 709 1772 Sporae
740 1720 872 1768 Stnae,
906 1718 1123 1768 distichae,
1155 1718 1542 1760 fusoideo-bacilla-

63 1812 144 1847 res,
177 1801 384 1847 curvatae,
407 1800 742 1850 5—7-septatae,
767 1797 819 1838 ad
841 1801 962 1850 septa
983 1797 1247 1846 constrictae,
1270 1796 1541 1840 flavescentes

65 1892 95 1919 s.
128 1878 324 1927 luteolae,
356 1877 501 1931 longit.
533 1879 697 1918 20—32
730 1892 881 1927 mmm„
911 1878 1071 1918 crassit.
1096 1878 1204 1918 5-8
1226 1891 1363 1917 mmm.
1415 1876 1543 1918 Para-

65 1957 217 2012 physes
247 1956 476 1998 filiformes.
508 1956 701 2011 graciles.

200 2043 284 2088 Syn.
344 2042 523 2086 Sphaeria
559 2041 711 2075 caulium
746 2042 810 2074 Fa.
842 2042 934 2085 Syst.
966 2053 1054 2086 myc.
1087 2042 1133 2082 II,
1164 2053 1199 2085 p.
1234 2039 1311 2075 509
1344 2045 1379 2076 et
1408 2043 1541 2077 Summ.

66 2111 155 2155 Veg.
187 2111 314 2145 Scand.
346 2122 381 2155 p.
417 2107 507 2144 391.
569 2109 681 2144 OOOK.
714 2109 804 2143 Brit.
836 2109 947 2152 Fung.
980 2110 1027 2151 II,
1058 2121 1092 2153 p.
1128 2106 1219 2143 851.

200 2190 337 2224 Exsicc.
397 2190 533 2223 KARs'r.
566 2189 678 2232 Fung.
709 2189 820 2222 Fenn.
856 2183 946 2222 969.

203 2273 310 2314 Hab.
357 2272 422 2314 Ad
443 2272 584 2314 caules
606 2272 741 2313 Siccos
763 2273 1010 2313 Artemisiae
1031 2272 1232 2327 vulyaris,
1250 2271 1452 2326 Spiraeae
1476 2270 1546 2312 UZ·

68 2355 239 2406 mariae,
272 2353 458 2408 Epilobii
487 2352 764 2407 anyustzfoliz‘,
800 2351 919 2393 Galiz'
946 2354 1044 2403 veri,
1081 2352 1176 2393 Gal.
1200 2351 1377 2392 borealis
1405 2352 1446 2391 et
1470 2349 1548 2391 Gei

70 2432 224 2473 urbani
257 2432 299 2472 in
331 2434 419 2473 tota
449 2431 607 2473 Fennia
637 2434 679 2472 et
706 2431 925 2484 Lapponia
954 2444 1030 2483 per
1061 2443 1213 2471 annum
1244 2432 1310 2471 sat
1338 2429 1544 2482 freqvens.

209 2557 272 2596 10.
332 2555 377 2596 L.
419 2555 762 2597 semiliberum
803 2554 968 2608 (DEsu.)
1007 2554 1099 2595 Ces.
1132 2557 1174 2595 et
1210 2554 1271 2593 DE
1302 2553 1349 2593 N.
1383 2552 1545 2594 Schem.

73 2635 176 2676 Sfer.
208 2649 248 2688 p.
280 2636 346 2675 46.

208 2713 444 2754 Perithecia
493 2727 662 2766 sparsa,
713 2712 1034 2760 semiimmersa,
1087 2710 1546 2764 ovoideo-ellipsoidea,

75 2791 225 2833 ostiolo
257 2805 510 2845 compresso,
543 2792 729 2842 cristato,
761 2794 865 2841 atra,
896 2789 1002 2831 latit.
1026 2788 1193 2831 circiter
1214 2790 1281 2839 0,ss
1304 2803 1398 2829 mm.
1450 2788 1549 2830 Asci
